0000003122264505                  ZANDD ENTERPRISES BV      JVBABE22   00712627128 00000                                       2
12169BE95645100416758                  EUR0000000022525880301122ZANDD ENTERPRISES BV      Zichtrekening professioneel        169
21000100002022-00364           1000000000200000031222001010000eindejaarsuitkering 2022                             03122216901 0
2200010000                                                                                        RABONL2U                   1 0
2300010000NL47RABO0332155048                   Zsuzsanna takacs                                                              0 1
31000100012022-00364           001010001001Zsuzsanna takacs                                                                  1 0
3200010001Brusselsesteenweg 614              3090                                                                            0 0
21000200002022-00365           1000000000200000031222001010000Eindejaarsuitkering DSAKHAN 2022                     03122216901 0
2200020000                                                                                        JVBABE22                   1 0
2300020000BE17645105243621                     Z.-D. Takacs-Kha                                                              0 1
31000200012022-00365           001010001001Z.-D. Takacs-Kha                                                                  1 0
3200020001LOUIZALAAN 341 341/5D              1050 Brussel (Elsene)                                                           0 0
8169BE95645100416758                  EUR0000000022125880031222                                                                0
9               000012000000000400000000000000000000                                                                           1
0000005122264505                  ZANDD ENTERPRISES BV      JVBABE22   00712627128 00000                                       2
12170BE95645100416758                  EUR0000000022125880031222ZANDD ENTERPRISES BV      Zichtrekening professioneel        170
21000100002022-00366           1000000000108590051222005010000FAK225199752                                         05122217001 0
2200010000                                                     982123027765                       GKCCBEBB                   1 0
2300010000BE84091010925259                     DE WATERGROEP                                                                 0 1
31000100012022-00366           005010001001DE WATERGROEP                                                                     1 0
3200010001VOORUITGANGSTRAAT                   189                                                                            0 0
21000200002022-00367           1000000000499990051222011010000Aank. 3,0755 UNIVERSAL INVEST HI aan 162,57255 EUR   05122217001 0
2200020000Effectenrekening 329862 borderel 826783              531653                                                        0 0
21000300002022-00368           1000000000068950051222004020000670364XXXXXXX2003 05/12/2022 09:30                   05122217001 0
2200030000                                                                                                                   1 0
2300030000                                     Bol.com                                                                       0 1
31000300012022-00368           004020001001Bol.com                                                                           1 0
32000300013528 BJ UTRECHT                                                                                                    0 0
21000400002022-00369           1000000000278450051222004020000670364XXXXXXX2003 05/12/2022 11:05 Communication: Uw 05122217001 0
2200040000bestelling bij 123inkt.be                                                                                          1 0
2300040000                                     123Inkt                                                                       0 1
31000400012022-00369           004020001001123Inkt                                                                           1 0
32000400011394 PC NEDERHORST                                                                                                 0 0
8170BE95645100416758                  EUR0000000021169900051222                                                                0
9               000019000000000955980000000000000000                                                                           1
0000008122264505                  ZANDD ENTERPRISES BV      JVBABE22   00712627128 00000                                       2
12171BE95645100416758                  EUR0000000021169900051222ZANDD ENTERPRISES BV      Zichtrekening professioneel        171
21000100002022-00370           1000000000021000081222004020000670364XXXXXXX2003 08/12/2022 07:20                   08122217101 0
2200010000                                                                                                                   1 0
2300010000                                     FORME FS SOCIETE DES T                                                        0 1
31000100012022-00370           004020001001FORME FS SOCIETE DES T                                                            1 0
32000100011000 Bruxelles                                                                                                     0 0
8171BE95645100416758                  EUR0000000021148900081222                                                                0
9               000007000000000021000000000000000000                                                                           1
0000009122264505                  ZANDD ENTERPRISES BV      JVBABE22   00712627128 00000                                       2
12172BE95645100416758                  EUR0000000021148900081222ZANDD ENTERPRISES BV      Zichtrekening professioneel        172
21000100002022-00371           1000000000049950091222004020000670364XXXXXXX2003 09/12/2022 15:12 Communication: 50009122217201 0
22000100000011883                                                                                                            1 0
2300010000                                     Bytesatwork                                                                   0 1
31000100012022-00371           004020001001Bytesatwork                                                                       1 0
32000100012340 Beerse                                                                                                        0 0
8172BE95645100416758                  EUR0000000021098950091222                                                                0
9               000007000000000049950000000000000000                                                                           1
0000011122264505                  ZANDD ENTERPRISES BV      JVBABE22   00712627128 00000                                       2
12173BE95645100416758                  EUR0000000021098950091222ZANDD ENTERPRISES BV      Zichtrekening professioneel        173
21000100002022-00372           1000000000152700111222004020000670364XXXXXXX2003 11/12/2022 15:13 Communication: Uw 11122217301 0
2200010000bestelling bij 123inkt.be                                                                                          1 0
2300010000                                     123Inkt                                                                       0 1
31000100012022-00372           004020001001123Inkt                                                                           1 0
32000100011394 PC NEDERHORST                                                                                                 0 0
21000200002022-00373           1000000000015000111222004020000670364XXXXXXX2003 11/12/2022 17:19 Communication: 6UM11122217301 0
2200020000HADI 1663394936515 payment                                                                                         1 0
2300020000                                     Mobile Vikings                                                                0 1
31000200012022-00373           004020001001Mobile Vikings                                                                    1 0
32000200013500 Hasselt                                                                                                       0 0
21000300002022-00374           1000000005070560111222001010000                                                     11122217301 0
2200030000                                                                                        BBRUBEBB                   1 0
2300030000BE17310001380621                     Partena svz                                                                   0 1
31000300012022-00374           001010001001Partena svz                                                                       1 0
3200030001Kartuizerstraat 45                 1000 Brussel                                                                    0 0
21000400002022-00375           1000000000217150111222001010001101225181297977                                      11122217301 0
2200040000                                                                                        BBRUBEBB                   1 0
2300040000BE02375111099940                     Vlaamse Belastingdienst                                                       0 1
31000400012022-00375           001010001001Vlaamse Belastingdienst                                                           1 0
3200040001Vaartstraat16                      9300 Aalst                                                                      0 0
21000500002022-00376           1000000003750000111222001010001101201347950363                                      11122217301 0
2200050000                                                                                        PCHQBEBB                   1 0
2300050000BE79679200221033                     Ontvanger Roerende voorheffing                                                0 1
31000500012022-00376           001010001001Ontvanger Roerende voorheffing                                                    1 0
3200050001Koning Albert II-laan 33 bus 42 1031030 Brussel                                                                    0 0
21000600002022-00377           1000000000072840111222001010000F2022/9621                                           11122217301 0
2200060000                                                                                        GEBABEBB                   1 0
2300060000BE49235021763071                     The Waterpurifier                                                             0 1
31000600012022-00377           001010001001The Waterpurifier                                                                 1 0
3200060001Genebroekstraat 82                 B--3581 Beverlo                                                                 0 0
21000700002022-00378           1000000000347500111222001010001101922303858396                                      11122217301 0
2200070000                                                                                        KREDBEBB                   1 0
2300070000BE95435410977158                     Liantis sociaal Secretariaat vzw ve                                           0 1
31000700012022-00378           001010001001Liantis sociaal Secretariaat vzw vennootschapsbijdrage                            0 0
21000800002022-00379           1000000004480000111222001010001101712627161162                                      11122217301 0
2200080000                                                                                        PCHQBEBB                   1 0
2300080000BE96679200227905                     Fod Financien Inning en Invordering                                           0 1
31000800012022-00379           001010001001Fod Financien Inning en Invordering                                               1 0
3200080001Zwartzustervest 24/32              2800 Mechelen                                                                   0 0
21000900002022-00380           1000000001561840111222001010001101422818586395                                      11122217301 0
2200090000                                                                                        KREDBEBB                   1 0
2300090000BE56435410980188                     Liantis sociaal secretariaat vzw                                              0 1
31000900012022-00380           001010001001Liantis sociaal secretariaat vzw                                                  1 0
3200090001Willebroekkaai 37                  1000 Brussel                                                                    0 0
21001000002022-00381           1000000000072840111222001010000F2022/9039                                           11122217301 0
2200100000                                                                                        GEBABEBB                   1 0
2300100000BE49235021763071                     The Waterpurifier                                                             0 1
31001000012022-00381           001010001001The Waterpurifier                                                                 1 0
3200100001Genebroekstraat 82                 B--3581 Beverlo                                                                 0 0
8173BE95645100416758                  EUR0000000005358520111222                                                                0
9               000051000000015740430000000000000000                                                                           2
