0000001052264505                  ZANDD ENTERPRISES BV      JVBABE22   00712627128 00000                                       2
12056BE95645100416758                  EUR0000000021285580290422ZANDD ENTERPRISES BV      Zichtrekening professioneel        056
21000100002022-00116           1000000002055170010522001010001101071262712841                                      01052205601 0
2200010000                                                                                        PCHQBEBB                   1 0
2300010000BE22679200300047                     Btw ontvangsten Brussel                                                       0 1
31000100012022-00116           001010001001Btw ontvangsten Brussel                                                           1 0
3200010001kruidtuinlaan 50 bus3402           1000, brussel                                                                   0 0
21000200002022-00117           1000000001400000010522001010000Voorschot Autersrechten April 2022                   01052205601 0
2200020000                                                                                        JVBABE22                   1 0
2300020000BE17645105243621                     Z.-D. Takacs-Kha                                                              0 1
31000200012022-00117           001010001001Z.-D. Takacs-Kha                                                                  1 0
3200020001LOUIZALAAN 341 341/5D              1050 Brussel (Elsene)                                                           0 0
21000300002022-00118           1000000000652930010522001010000vergoeding zakelijke deel huurkosten louisalaan 341  01052205601 0
2200030000                                                                                        JVBABE22                   1 0
2300030000BE17645105243621                     Z.-D. Takacs-Kha                                                              0 1
31000300012022-00118           001010001001Z.-D. Takacs-Kha                                                                  1 0
3200030001LOUIZALAAN 341 341/5D              1050 Brussel (Elsene)                                                           0 0
21000400002022-00119           1000000003554910010522001010000Loon 04/2022                                         01052205601 0
2200040000                                                                                        JVBABE22                   1 0
2300040000BE17645105243621                     Z.-D. Takacs-Kha                                                              0 1
31000400012022-00119           001010001001Z.-D. Takacs-Kha                                                                  0 0
21000500002022-00120           1000000000344010010522001010001101034446499449                                      01052205601 0
2200050000                                                                                        GEBABEBB                   1 0
2300050000BE22210005809847                     Sodexo Pass Belgium sa/nv                                                     0 1
31000500012022-00120           001010001001Sodexo Pass Belgium sa/nv                                                         1 0
3200050001Pleinlaan 15                       1050 Brussel                                                                    0 0
21000600002022-00121           1000000000220050010522001010000Loon 04/2022                                         01052205601 0
2200060000                                                                                        RABONL2U                   1 0
2300060000NL47RABO0332155048                   Zsuzsanna takacs                                                              0 1
31000600012022-00121           001010001001Zsuzsanna takacs                                                                  1 0
3200060001louizalaan 341, Appartment 5D      1050                                                                            0 0
21000700002022-00122           1000000000206770010522001010001101720322279781                                      01052205601 0
2200070000                                                                                        GEBABEBB                   1 0
2300070000BE82210000088968                     Proximus                                                                      0 1
31000700012022-00122           001010001001Proximus                                                                          1 0
3200070001Koning Albert II-laan 27           1030 Brussel                                                                    0 0
21000800002022-00123           1000000000172960010522001010001101121111771562                                      01052205601 0
2200080000                                                                                        GEBABEBB                   1 0
2300080000BE38001509424272                     TotalEnergies Power & Gas Belgium S                                           0 1
31000800012022-00123           001010001001TotalEnergies Power & Gas Belgium SA/NV                                           1 0
3200080001Rue Saint-Laurent 54               4000 Luik                                                                       0 0
21000900002022-00124           1000000000104180010522001010000Factuur F2022/3244                                   01052205601 0
2200090000                                                                                        GEBABEBB                   1 0
2300090000BE49235021763071                     The Waterpurifier                                                             0 1
31000900012022-00124           001010001001The Waterpurifier                                                                 1 0
3200090001Genebroekstraat 82                 B--3581 Beverlo                                                                 0 0
8056BE95645100416758                  EUR0000000012574600010522                                                                0
9               000046000000008710980000000000000000                                                                           1
0000002052264505                  ZANDD ENTERPRISES BV      JVBABE22   00712627128 00000                                       2
12057BE95645100416758                  EUR0000000012574600010522ZANDD ENTERPRISES BV      Zichtrekening professioneel        057
21000100002022-00125           100000000010110002052200101000021052421                                             02052205701 0
2200010000                                                                                        BBRUBEBB                   1 0
2300010000BE40320017100463                     123 INKT BVBA                                                                 0 1
31000100012022-00125           001010001001123 INKT BVBA                                                                     1 0
3200010001RIJVISSCHESTRAAT 118 BUS 2         9052 GENT                                                                       0 0
8057BE95645100416758                  EUR0000000012473500020522                                                                0
9               000007000000000101100000000000000000                                                                           1
0000003052264505                  ZANDD ENTERPRISES BV      JVBABE22   00712627128 00000                                       2
12058BE95645100416758                  EUR0000000012473500020522ZANDD ENTERPRISES BV      Zichtrekening professioneel        058
21000100002022-00126           10000000000348400305220050100001019837296764 PAYPAL                                 03052205801 0
2200010000                                                     1019837296764 PAYPAL               DEUTDEFF                   1 0
2300010000DE88500700100175526303               PayPal (Europe) S.a r.l. et Cie, S.                                           0 1
31000100012022-00126           005010001001PayPal (Europe) S.a r.l. et Cie, S.C.A.                                           0 0
21000200002022-00127           1000000000123350030522004020000670364XXXXXXX2003 03/05/2022 12:49                   03052205801 0
2200020000                                                                                                                   1 0
2300020000                                     Verhuisboxen.nl                                                               0 1
31000200012022-00127           004020001001Verhuisboxen.nl                                                                   1 0
3200020001Hardinxvel                                                                                                         0 0
8058BE95645100416758                  EUR0000000012315310030522                                                                0
9               000011000000000158190000000000000000                                                                           1
0000004052264505                  ZANDD ENTERPRISES BV      JVBABE22   00712627128 00000                                       2
12059BE95645100416758                  EUR0000000012315310030522ZANDD ENTERPRISES BV      Zichtrekening professioneel        059
21000100002022-00128           10000000000020000405220050100001019875014547 PAYPAL                                 04052205901 0
2200010000                                                     1019875014547 PAYPAL               DEUTDEFF                   1 0
2300010000DE88500700100175526303               PayPal (Europe) S.a r.l. et Cie, S.                                           0 1
31000100012022-00128           005010001001PayPal (Europe) S.a r.l. et Cie, S.C.A.                                           0 0
21000200002022-00129           1000000001750000040522001010000Rc                                                   04052205901 0
2200020000                                                                                        JVBABE22                   1 0
2300020000BE17645105243621                     Z.-D. Takacs-Kha                                                              0 1
31000200012022-00129           001010001001Z.-D. Takacs-Kha                                                                  1 0
3200020001LOUIZALAAN 341 341/5D              1050 Brussel (Elsene)                                                           0 0
21000300002022-00130           1000000000499990040522011010000Aank. 2,9873 UNIVERSAL INVEST HIG aan 167,3735 EUR   04052205901 0
2200030000Effectenrekening 329862 borderel 289923              445073                                                        0 0
8059BE95645100416758                  EUR0000000010063320040522                                                                0
9               000013000000002251990000000000000000                                                                           1
0000006052264505                  ZANDD ENTERPRISES BV      JVBABE22   00712627128 00000                                       2
12060BE95645100416758                  EUR0000000010063320040522ZANDD ENTERPRISES BV      Zichtrekening professioneel        060
21000100002022-00131           0000000009862440060522011500000Verk. 59,423 UNIVERSAL INVEST HIGH aan 165,97 EUR    06052206001 0
2200010000Effectenrekening 329862 borderel 297507              446556                                                        0 0
8060BE95645100416758                  EUR0000000019925760060522                                                                0
9               000004000000000000000000000009862440                                                                           1
0000007052264505                  ZANDD ENTERPRISES BV      JVBABE22   00712627128 00000                                       2
12061BE95645100416758                  EUR0000000019925760060522ZANDD ENTERPRISES BV      Zichtrekening professioneel        061
21000100002022-00132           1000000004800000070522001130000Huurwaarborg                                         07052206101 0
2200010000                                                                                        JVBABE22                   1 0
2300010000BE33645602827046                     Zandd Enterprises bv                                                          0 1
31000100012022-00132           001130001001Zandd Enterprises bv                                                              0 0
8061BE95645100416758                  EUR0000000015125760070522                                                                0
9               000006000000004800000000000000000000                                                                           2
