0000003042264505                  ZANDD ENTERPRISES BV      JVBABE22   00712627128 00000                                       2
12044BE95645100416758                  EUR0000000015665510300322ZANDD ENTERPRISES BV      Zichtrekening professioneel        044
21000100002022-00086           1000000000652930030422001010000vergoeding zakelijke deel huurkosten louisalaan 341  03042204401 0
2200010000                                                                                        JVBABE22                   1 0
2300010000BE17645105243621                     Takacs-Kha                                                                    0 1
31000100012022-00086           001010001001Takacs-Kha                                                                        1 0
3200010001LOUIZALAAN 341 341/5D              1050 Brussel (Elsene)                                                           0 0
21000200002022-00087           1000000001400000030422001010000Voorschot Autersrechten Maart 2022                   03042204401 0
2200020000                                                                                        JVBABE22                   1 0
2300020000BE17645105243621                     Takacs-Kha                                                                    0 1
31000200012022-00087           001010001001Takacs-Kha                                                                        1 0
3200020001LOUIZALAAN 341 341/5D              1050 Brussel (Elsene)                                                           0 0
21000300002022-00088           1000000000220050030422001010000Loon 01/2022                                         03042204401 0
2200030000                                                                                        RABONL2U                   1 0
2300030000NL47RABO0332155048                   Zsuzsanna takacs                                                              0 1
31000300012022-00088           001010001001Zsuzsanna takacs                                                                  1 0
3200030001louizalaan 341, Appartment 5D      1050                                                                            0 0
21000400002022-00089           1000000001602840030422001010001101322774672340                                      03042204401 0
2200040000                                                                                        BBRUBEBB                   1 0
2300040000BE17310001380621                     Partena svz                                                                   0 1
31000400012022-00089           001010001001Partena svz                                                                       1 0
3200040001Kartuizerstraat 45                 1000 Brussel                                                                    0 0
21000500002022-00090           1000000000206580030422001010001101220792730617                                      03042204401 0
2200050000                                                                                        KREDBEBB                   1 0
2300050000BE71448764648169                     Partena Ziekenfonds,                                                          0 1
31000500012022-00090           001010001001Partena Ziekenfonds,                                                              1 0
3200050001sluisweg 2 bus 1                   9000 Gent                                                                       0 0
21000600002022-00091           1000000000780920030422001010001101422647014011                                      03042204401 0
2200060000                                                                                        KREDBEBB                   1 0
2300060000BE56435410980188                     Liantis sociaal secretariaat vzw                                              0 1
31000600012022-00091           001010001001Liantis sociaal secretariaat vzw                                                  1 0
3200060001Willebroekkaai 37                  1000 Brussel                                                                    0 0
21000700002022-00092           1000000000134910030422001010001101220792485689                                      03042204401 0
2200070000                                                                                        KREDBEBB                   1 0
2300070000BE71448764648169                     HELAN                                                                         0 1
31000700012022-00092           001010001001HELAN                                                                             1 0
3200070001sluisweg 2 bus 1                   9000 Gent                                                                       0 0
21000800002022-00093           1000000000341600030422001010001101309010422153                                      03042204401 0
2200080000                                                                                        BBRUBEBB                   1 0
2300080000BE86335013434950                     Peumans Bvba                                                                  0 1
31000800012022-00093           001010001001Peumans Bvba                                                                      0 0
21000900002022-00094           1000000000341600030422001010001101131010322175                                      03042204401 0
2200090000                                                                                        BBRUBEBB                   1 0
2300090000BE86335013434950                     Peumans Bvba                                                                  0 1
31000900012022-00094           001010001001Peumans Bvba                                                                      0 0
21001000002022-00095           1000000000206920030422001010001101121038228182                                      03042204401 0
2200100000                                                                                        GEBABEBB                   1 0
2300100000BE38001509424272                     TotalEnergies Power & Gas Belgium S                                           0 1
31001000012022-00095           001010001001TotalEnergies Power & Gas Belgium SA/NV                                           1 0
3200100001Rue Saint-Laurent 54               4000 Luik                                                                       0 0
21001100002022-00096           1000000000361280030422001010001101034391348582                                      03042204401 0
2200110000                                                                                        GEBABEBB                   1 0
2300110000BE22210005809847                     Sodexo Pass Belgium sa/nv                                                     0 1
31001100012022-00096           001010001001Sodexo Pass Belgium sa/nv                                                         1 0
3200110001Pleinlaan 15                       1050 Brussel                                                                    0 0
21001200002022-00097           1000000001500000030422001010000                                                     03042204401 0
2200120000                                                                                        JVBABE22                   1 0
2300120000BE17645105243621                     Z.-D. Takacs-Kha                                                              0 1
31001200012022-00097           001010001001Z.-D. Takacs-Kha                                                                  1 0
3200120001LOUIZALAAN 341 341/5D              1050 Brussel (Elsene)                                                           0 0
21001300002022-00098           1000000000186400030422004020000670364XXXXXXX2003 03/04/2022 19:18 Communication: DNR03042204401 0
2200130000: HTWJPCP                                                                                                          1 0
2300130000                                     NS                                                                            0 1
31001300012022-00098           004020001001NS                                                                                1 0
3200130001Amsterdam                                                                                                          0 0
8044BE95645100416758                  EUR0000000007729480030422                                                                0
9               000065000000007936030000000000000000                                                                           1
0000005042264505                  ZANDD ENTERPRISES BV      JVBABE22   00712627128 00000                                       2
12045BE95645100416758                  EUR0000000007729480030422ZANDD ENTERPRISES BV      Zichtrekening professioneel        045
21000100002022-00099           1000000000499990050422011010000Aank. 2,8673 UNIVERSAL INVEST HIGH aan 174,377 EUR   05042204501 0
2200010000Effectenrekening 329862 borderel 230079              432615                                                        0 0
8045BE95645100416758                  EUR0000000007229490050422                                                                0
9               000004000000000499990000000000000000                                                                           1
0000006042264505                  ZANDD ENTERPRISES BV      JVBABE22   00712627128 00000                                       2
12046BE95645100416758                  EUR0000000007229490050422ZANDD ENTERPRISES BV      Zichtrekening professioneel        046
21000100002022-00100           10000000000020000604220050100001019363348684 PAYPAL                                 06042204601 0
2200010000                                                     1019363348684 PAYPAL               DEUTDEFF                   1 0
2300010000DE88500700100175526303               PayPal (Europe) S.a r.l. et Cie, S.                                           0 1
31000100012022-00100           005010001001PayPal (Europe) S.a r.l. et Cie, S.C.A.                                           0 0
8046BE95645100416758                  EUR0000000007227490060422                                                                0
9               000006000000000002000000000000000000                                                                           1
0000008042264505                  ZANDD ENTERPRISES BV      JVBABE22   00712627128 00000                                       2
12047BE95645100416758                  EUR0000000007227490060422ZANDD ENTERPRISES BV      Zichtrekening professioneel        047
21000100002022-00101           1000000001800000080422001010000HUUR BRUSSELSESTWG 614 OVERIJSE   OLISLAEGERS VASTGOE08042204701 0
2200010000D NV Juni 2022                                                                          KREDBEBB                   1 0
2300010000BE35737056463137                     OLISLAEGERS VASTGOED NV                                                       0 1
31000100012022-00101           001010001001OLISLAEGERS VASTGOED NV                                                           0 0
8047BE95645100416758                  EUR0000000005427490080422                                                                0
9               000006000000001800000000000000000000                                                                           1
0000013042264505                  ZANDD ENTERPRISES BV      JVBABE22   00712627128 00000                                       2
12048BE95645100416758                  EUR0000000005427490080422ZANDD ENTERPRISES BV      Zichtrekening professioneel        048
21000100002022-00102           1000000000100000130422004080000670364XXXXXXX2003 13/04/2022 08:06                   13042204801 0
2200010000                                                                                                                   1 0
2300010000                                     Revolut**0681*                                                                0 1
31000100012022-00102           004080001001Revolut**0681*                                                                    1 0
3200010001internet                                                                                                           0 0
8048BE95645100416758                  EUR0000000005327490130422                                                                0
9               000007000000000100000000000000000000                                                                           1
0000018042264505                  ZANDD ENTERPRISES BV      JVBABE22   00712627128 00000                                       2
12049BE95645100416758                  EUR0000000005327490130422ZANDD ENTERPRISES BV      Zichtrekening professioneel        049
21000100002022-00103           1000000000500000180422001010000Rc                                                   18042204901 0
2200010000                                                                                        JVBABE22                   1 0
2300010000BE17645105243621                     Z.-D. Takacs-Kha                                                              0 1
31000100012022-00103           001010001001Z.-D. Takacs-Kha                                                                  1 0
3200010001LOUIZALAAN 341 341/5D              1050 Brussel (Elsene)                                                           0 0
8049BE95645100416758                  EUR0000000004827490180422                                                                0
9               000007000000000500000000000000000000                                                                           1
0000019042264505                  ZANDD ENTERPRISES BV      JVBABE22   00712627128 00000                                       2
12050BE95645100416758                  EUR0000000004827490180422ZANDD ENTERPRISES BV      Zichtrekening professioneel        050
21000100002022-00104           10000000000280001904220050100001019534715718 PAYPAL                                 19042205001 0
2200010000                                                     1019534715718 PAYPAL               DEUTDEFF                   1 0
2300010000DE88500700100175526303               PayPal (Europe) S.a r.l. et Cie, S.                                           0 1
31000100012022-00104           005010001001PayPal (Europe) S.a r.l. et Cie, S.C.A.                                           0 0
21000200002022-00105           10000000000126801904220050100001019545644508 PAYPAL                                 19042205001 0
2200020000                                                     1019545644508 PAYPAL               DEUTDEFF                   1 0
2300020000DE88500700100175526303               PayPal (Europe) S.a r.l. et Cie, S.                                           0 1
31000200012022-00105           005010001001PayPal (Europe) S.a r.l. et Cie, S.C.A.                                           0 0
21000300002022-00106           10000000002420001904220050100003477-2022-277INV                                     19042205001 0
2200030000                                                     135394-553X74-TMSBEL               INGBNL2A                   1 0
2300030000NL92INGB0006087442                   IWG Belgium BV                                                                0 1
31000300012022-00106           005010001001IWG Belgium BV                                                                    1 0
3200030001Louizalaan 65 bus 11               1050 Brussel BE                                                                 0 0
8050BE95645100416758                  EUR0000000004544810190422                                                                0
9               000015000000000282680000000000000000                                                                           1
0000020042264505                  ZANDD ENTERPRISES BV      JVBABE22   00712627128 00000                                       2
12051BE95645100416758                  EUR0000000004544810190422ZANDD ENTERPRISES BV      Zichtrekening professioneel        051
21000100002022-00107           10000000001065602004220050100001019580887841 PAYPAL                                 20042205101 0
2200010000                                                     1019580887841 PAYPAL               DEUTDEFF                   1 0
2300010000DE88500700100175526303               PayPal (Europe) S.a r.l. et Cie, S.                                           0 1
31000100012022-00107           005010001001PayPal (Europe) S.a r.l. et Cie, S.C.A.                                           0 0
21000200002022-00108           10000000000659102004220050100001019580864507 PAYPAL                                 20042205101 0
2200020000                                                     1019580864507 PAYPAL               DEUTDEFF                   1 0
2300020000DE88500700100175526303               PayPal (Europe) S.a r.l. et Cie, S.                                           0 1
31000200012022-00108           005010001001PayPal (Europe) S.a r.l. et Cie, S.C.A.                                           0 0
21000300002022-00109           10000000000119902004220050100001019627429109 PAYPAL                                 20042205101 0
2200030000                                                     1019627429109 PAYPAL               DEUTDEFF                   1 0
2300030000DE88500700100175526303               PayPal (Europe) S.a r.l. et Cie, S.                                           0 1
31000300012022-00109           005010001001PayPal (Europe) S.a r.l. et Cie, S.C.A.                                           0 0
21000400002022-00110           1000000003095720200422001010001101071262712841                                      20042205101 0
2200040000                                                                                        PCHQBEBB                   1 0
2300040000BE22679200300047                     Btw ontvangsten Brussel                                                       0 1
31000400012022-00110           001010001001Btw ontvangsten Brussel                                                           1 0
3200040001kruidtuinlaan 50 bus3402           1000, brussel                                                                   0 0
8051BE95645100416758                  EUR0000000001264630200422                                                                0
9               000019000000003280180000000000000000                                                                           1
0000021042264505                  ZANDD ENTERPRISES BV      JVBABE22   00712627128 00000                                       2
12052BE95645100416758                  EUR0000000001264630200422ZANDD ENTERPRISES BV      Zichtrekening professioneel        052
21000100002022-00111           10000000000047002104220050100001019645433257 PAYPAL                                 21042205201 0
2200010000                                                     1019645433257 PAYPAL               DEUTDEFF                   1 0
2300010000DE88500700100175526303               PayPal (Europe) S.a r.l. et Cie, S.                                           0 1
31000100012022-00111           005010001001PayPal (Europe) S.a r.l. et Cie, S.C.A.                                           0 0
8052BE95645100416758                  EUR0000000001259930210422                                                                0
9               000006000000000004700000000000000000                                                                           1
0000025042264505                  ZANDD ENTERPRISES BV      JVBABE22   00712627128 00000                                       2
12053BE95645100416758                  EUR0000000001259930210422ZANDD ENTERPRISES BV      Zichtrekening professioneel        053
21000100002022-00112           10000000000185502504220050100001019667971551 PAYPAL                                 25042205301 0
2200010000                                                     1019667971551 PAYPAL               DEUTDEFF                   1 0
2300010000DE88500700100175526303               PayPal (Europe) S.a r.l. et Cie, S.                                           0 1
31000100012022-00112           005010001001PayPal (Europe) S.a r.l. et Cie, S.C.A.                                           0 0
21000200002022-00113           1000000000250000250422001010000Rc                                                   25042205301 0
2200020000                                                                                        JVBABE22                   1 0
2300020000BE17645105243621                     Z.-D. Takacs-Kha                                                              0 1
31000200012022-00113           001010001001Z.-D. Takacs-Kha                                                                  1 0
3200020001LOUIZALAAN 341 341/5D              1050 Brussel (Elsene)                                                           0 0
8053BE95645100416758                  EUR0000000000991380250422                                                                0
9               000011000000000268550000000000000000                                                                           1
0000028042264505                  ZANDD ENTERPRISES BV      JVBABE22   00712627128 00000                                       2
12054BE95645100416758                  EUR0000000000991380250422ZANDD ENTERPRISES BV      Zichtrekening professioneel        054
21000100002022-00114           1000000000300000280422001010000RC                                                   28042205401 0
2200010000                                                                                        JVBABE22                   1 0
2300010000BE17645105243621                     Z.-D. Takacs-Kha                                                              0 1
31000100012022-00114           001010001001Z.-D. Takacs-Kha                                                                  1 0
3200010001LOUIZALAAN 341 341/5D              1050 Brussel (Elsene)                                                           0 0
8054BE95645100416758                  EUR0000000000691380280422                                                                0
9               000007000000000300000000000000000000                                                                           1
0000029042264505                  ZANDD ENTERPRISES BV      JVBABE22   00712627128 00000                                       2
12055BE95645100416758                  EUR0000000000691380280422ZANDD ENTERPRISES BV      Zichtrekening professioneel        055
21000100002022-00115           0000000020594200290422001500000INV.NR.20220331.056.DSAK                             29042205501 0
2200010000                                                     00003707/113 2022-04-29            BBRUBEBB           SUPP    1 0
2300010000BE22320006273647                     CRONOS INTERNATIONAL                                                          0 1
31000100012022-00115           001500001001CRONOS INTERNATIONAL                                                              1 0
3200010001RUE PAFEBRUCH 89                   CAPELLEN 8308                                                                   0 0
8055BE95645100416758                  EUR0000000021285580290422                                                                0
9               000007000000000000000000000020594200                                                                           2
