0000001102264505                  ZANDD ENTERPRISES BV      JVBABE22   00712627128 00000                                       2
12141BE95645100416758                  EUR0000000015881770300922ZANDD ENTERPRISES BV      Zichtrekening professioneel        141
21000100002022-00308           1000000000072840011022001010000Factuur F2022/7263                                   01102214101 0
2200010000                                                                                        GEBABEBB                   1 0
2300010000BE49235021763071                     The Waterpurifier                                                             0 1
31000100012022-00308           001010001001The Waterpurifier                                                                 1 0
3200010001Genebroekstraat 82                 B--3581 Beverlo                                                                 0 0
21000200002022-00309           1000000000687120011022001010000Declaraties September                                01102214101 0
2200020000                                                                                        JVBABE22                   1 0
2300020000BE17645105243621                     Z.-D. Takacs-Kha                                                              0 1
31000200012022-00309           001010001001Z.-D. Takacs-Kha                                                                  1 0
3200020001LOUIZALAAN 341 341/5D              1050 Brussel (Elsene)                                                           0 0
8141BE95645100416758                  EUR0000000015121810011022                                                                0
9               000012000000000759960000000000000000                                                                           1
0000002102264505                  ZANDD ENTERPRISES BV      JVBABE22   00712627128 00000                                       2
12142BE95645100416758                  EUR0000000015121810011022ZANDD ENTERPRISES BV      Zichtrekening professioneel        142
21000100002022-00310           1000000000021000021022004020000670364XXXXXXX2003 02/10/2022 22:21                   02102214201 0
2200010000                                                                                                                   1 0
2300010000                                     FORME FS SOCIETE DES T                                                        0 1
31000100012022-00310           004020001001FORME FS SOCIETE DES T                                                            1 0
3200010001Bruxelles                                                                                                          0 0
21000200002022-00311           1000000000010000021022004020000670364XXXXXXX2003 02/10/2022 22:26                   02102214201 0
2200020000                                                                                                                   1 0
2300020000                                     FORME FS SOCIETE DES T                                                        0 1
31000200012022-00311           004020001001FORME FS SOCIETE DES T                                                            1 0
3200020001Bruxelles                                                                                                          0 0
8142BE95645100416758                  EUR0000000015090810021022                                                                0
9               000012000000000031000000000000000000                                                                           1
0000003102264505                  ZANDD ENTERPRISES BV      JVBABE22   00712627128 00000                                       2
12143BE95645100416758                  EUR0000000015090810021022ZANDD ENTERPRISES BV      Zichtrekening professioneel        143
21000100002022-00312           1000000000273450031022004020000670364XXXXXXX2003 02/10/2022 22:47 Communication: Uw 03102214301 0
2200010000bestelling bij 123inkt.be                                                                                          1 0
2300010000                                     123Inkt                                                                       0 1
31000100012022-00312           004020001001123Inkt                                                                           1 0
3200010001NEDERHORST                                                                                                         0 0
21000200002022-00313           1000000000002500031022004020000670364XXXXXXX2003 03/10/2022 09:52 Communication: DeL03102214301 0
2200020000ijn/DIVB221021911                                                                                                  1 0
2300020000                                     VVM De Lijn                                                                   0 1
31000200012022-00313           004020001001VVM De Lijn                                                                       1 0
3200020001MECHELEN                                                                                                           0 0
8143BE95645100416758                  EUR0000000014814860031022                                                                0
9               000012000000000275950000000000000000                                                                           1
0000004102264505                  ZANDD ENTERPRISES BV      JVBABE22   00712627128 00000                                       2
12144BE95645100416758                  EUR0000000014814860031022ZANDD ENTERPRISES BV      Zichtrekening professioneel        144
21000100002022-00314           1000000000021000041022004020000670364XXXXXXX2003 04/10/2022 07:05                   04102214401 0
2200010000                                                                                                                   1 0
2300010000                                     FORME FS SOCIETE DES T                                                        0 1
31000100012022-00314           004020001001FORME FS SOCIETE DES T                                                            1 0
3200010001Bruxelles                                                                                                          0 0
8144BE95645100416758                  EUR0000000014793860041022                                                                0
9               000007000000000021000000000000000000                                                                           1
0000005102264505                  ZANDD ENTERPRISES BV      JVBABE22   00712627128 00000                                       2
12145BE95645100416758                  EUR0000000014793860041022ZANDD ENTERPRISES BV      Zichtrekening professioneel        145
21000100002022-00315           1000000000499990051022011010000Aank. 3,2818 UNIVERSAL INVEST HIG aan 152,3515 EUR   05102214501 0
2200010000Effectenrekening 329862 borderel 702543              507104                                                        0 0
8145BE95645100416758                  EUR0000000014293870051022                                                                0
9               000004000000000499990000000000000000                                                                           1
0000009102264505                  ZANDD ENTERPRISES BV      JVBABE22   00712627128 00000                                       2
12146BE95645100416758                  EUR0000000014293870051022ZANDD ENTERPRISES BV      Zichtrekening professioneel        146
21000100002022-00316           1000000000314000091022001010001101502021022153                                      09102214601 0
2200010000                                                                                        BBRUBEBB                   1 0
2300010000BE86335013434950                     Peumans Bvba                                                                  0 1
31000100012022-00316           001010001001Peumans Bvba                                                                      0 0
21000200002022-00317           1000000000072840091022001010000Factuur F2022/8587                                   09102214601 0
2200020000                                                                                        GEBABEBB                   1 0
2300020000BE49235021763071                     The Waterpurifier                                                             0 1
31000200012022-00317           001010001001The Waterpurifier                                                                 1 0
3200020001Genebroekstraat 82                 B--3581 Beverlo                                                                 0 0
21000300002022-00318           1000000000002500091022004020000670364XXXXXXX2003 09/10/2022 15:25 Communication: DeL09102214601 0
2200030000ijn/DIVB221091960                                                                                                  1 0
2300030000                                     VVM De Lijn                                                                   0 1
31000300012022-00318           004020001001VVM De Lijn                                                                       1 0
3200030001MECHELEN                                                                                                           0 0
8146BE95645100416758                  EUR0000000013904530091022                                                                0
9               000016000000000389340000000000000000                                                                           1
0000010102264505                  ZANDD ENTERPRISES BV      JVBABE22   00712627128 00000                                       2
12147BE95645100416758                  EUR0000000013904530091022ZANDD ENTERPRISES BV      Zichtrekening professioneel        147
21000100002022-00319           0000000000409050101022001500000TotalEnergies PG Belgium SA-E201764334-N2201604116   10102214701 0
2200010000                                                     0600869123-221400528237            GEBABEBB                   1 0
2300010000BE38001509424272                     TotalEnergies PG Belgium SA                                                   0 1
31000100012022-00319           001500001001TotalEnergies PG Belgium SA                                                       1 0
3200010001Rue Saint-Laurent 54               4000 LIEGE                                                                      0 0
8147BE95645100416758                  EUR0000000014313580101022                                                                0
9               000007000000000000000000000000409050                                                                           1
0000016102264505                  ZANDD ENTERPRISES BV      JVBABE22   00712627128 00000                                       2
12148BE95645100416758                  EUR0000000014313580101022ZANDD ENTERPRISES BV      Zichtrekening professioneel        148
21000100002022-00320           1000000000193580161022001010001101720665171448                                      16102214801 0
2200010000                                                                                        GEBABEBB                   1 0
2300010000BE82210000088968                     Proximus                                                                      0 1
31000100012022-00320           001010001001Proximus                                                                          1 0
3200010001Koning Albert II-laan 27           1030 Brussel                                                                    0 0
21000200002022-00321           1000000000083400161022001010000DDL-29188524297211                                   16102214801 0
2200020000                                                                                        CRESCHZZ80A                1 0
2300020000CH9004835266533702000                Doodle AG                                                                     0 1
31000200012022-00321           001010001001Doodle AG                                                                         1 0
3200020001Doodle AG                          Werdstrasse 21                                                                  0 0
21000300002022-00322           1000000000269820161022001010001101221274481622                                      16102214801 0
2200030000                                                                                        KREDBEBB                   1 0
2300030000BE71448764648169                     HELAN                                                                         0 1
31000300012022-00322           001010001001HELAN                                                                             1 0
3200030001sluisweg 2 bus 1                   9000 Gent                                                                       0 0
21000400002022-00323           1000000000413160161022001010001101221274491625                                      16102214801 0
2200040000                                                                                        KREDBEBB                   1 0
2300040000BE71448764648169                     HELAN                                                                         0 1
31000400012022-00323           001010001001HELAN                                                                             1 0
3200040001sluisweg 2 bus 1                   9000 Gent                                                                       0 0
21000500002022-00324           1000000000865920161022001010001101071262712841                                      16102214801 0
2200050000                                                                                        PCHQBEBB                   1 0
2300050000BE22679200300047                     Btw ontvangsten Brussel                                                       0 1
31000500012022-00324           001010001001Btw ontvangsten Brussel                                                           1 0
3200050001kruidtuinlaan 50 bus3402           1000, brussel                                                                   0 0
21000600002022-00325           1000000000198930161022004020000670364XXXXXXX2003 16/10/2022 18:05                   16102214801 0
2200060000                                                                                                                   1 0
2300060000                                     KaffeKapslen                                                                  0 1
31000600012022-00325           004020001001KaffeKapslen                                                                      1 0
3200060001HASSELAGER                                                                                                         0 0
8148BE95645100416758                  EUR0000000012288770161022                                                                0
9               000032000000002024810000000000000000                                                                           1
0000017102264505                  ZANDD ENTERPRISES BV      JVBABE22   00712627128 00000                                       2
12149BE95645100416758                  EUR0000000012288770161022ZANDD ENTERPRISES BV      Zichtrekening professioneel        149
21000100002022-00326           0000000000172950171022001500000TotalEnergies PG Belgium SA-E201764334-N2201614368   17102214901 0
2200010000                                                     0600869123-216010630629            GEBABEBB                   1 0
2300010000BE38001509424272                     TotalEnergies PG Belgium SA                                                   0 1
31000100012022-00326           001500001001TotalEnergies PG Belgium SA                                                       1 0
3200010001Rue Saint-Laurent 54               4000 LIEGE                                                                      0 0
8149BE95645100416758                  EUR0000000012461720171022                                                                0
9               000007000000000000000000000000172950                                                                           1
0000018102264505                  ZANDD ENTERPRISES BV      JVBABE22   00712627128 00000                                       2
12150BE95645100416758                  EUR0000000012461720171022ZANDD ENTERPRISES BV      Zichtrekening professioneel        150
21000100002022-00327           10000000002507101810220050100003477-2022-788INV                                     18102215001 0
2200010000                                                     155776-513X74-TMSBEL               INGBNL2A                   1 0
2300010000NL92INGB0006087442                   IWG Belgium BV                                                                0 1
31000100012022-00327           005010001001IWG Belgium BV                                                                    1 0
3200010001Louizalaan 65 bus 11               1050 Brussel BE                                                                 0 0
8150BE95645100416758                  EUR0000000012211010181022                                                                0
9               000007000000000250710000000000000000                                                                           1
0000020102264505                  ZANDD ENTERPRISES BV      JVBABE22   00712627128 00000                                       2
12151BE95645100416758                  EUR0000000012211010181022ZANDD ENTERPRISES BV      Zichtrekening professioneel        151
21000100002022-00328           1000000000002500201022004020000670364XXXXXXX2003 20/10/2022 15:48 Communication: DeL20102215101 0
2200010000ijn/DIVB2210202474                                                                                                 1 0
2300010000                                     VVM De Lijn                                                                   0 1
31000100012022-00328           004020001001VVM De Lijn                                                                       1 0
3200010001MECHELEN                                                                                                           0 0
8151BE95645100416758                  EUR0000000012208510201022                                                                0
9               000007000000000002500000000000000000                                                                           1
0000022102264505                  ZANDD ENTERPRISES BV      JVBABE22   00712627128 00000                                       2
12152BE95645100416758                  EUR0000000012208510201022ZANDD ENTERPRISES BV      Zichtrekening professioneel        152
21000100002022-00329           1000000003253770221022001010001101322823043109                                      22102215201 0
2200010000                                                                                        BBRUBEBB                   1 0
2300010000BE17310001380621                     Partena svz                                                                   0 1
31000100012022-00329           001010001001Partena svz                                                                       1 0
3200010001Kartuizerstraat 45                 1000 Brussel                                                                    0 0
8152BE95645100416758                  EUR0000000008954740221022                                                                0
9               000007000000003253770000000000000000                                                                           1
0000026102264505                  ZANDD ENTERPRISES BV      JVBABE22   00712627128 00000                                       2
12153BE95645100416758                  EUR0000000008954740221022ZANDD ENTERPRISES BV      Zichtrekening professioneel        153
21000100002022-00330           0000000021109060261022001500000INV.NR.20220930.062.DSAK                             26102215301 0
2200010000                                                     00004054/283 2022-10-26            BBRUBEBB           SUPP    1 0
2300010000BE22320006273647                     CRONOS INTERNATIONAL                                                          0 1
31000100012022-00330           001500001001CRONOS INTERNATIONAL                                                              1 0
3200010001RUE PAFEBRUCH 89                   CAPELLEN         8308                                                           0 0
8153BE95645100416758                  EUR0000000030063800261022                                                                0
9               000007000000000000000000000021109060                                                                           1
0000027102264505                  ZANDD ENTERPRISES BV      JVBABE22   00712627128 00000                                       2
12154BE95645100416758                  EUR0000000030063800261022ZANDD ENTERPRISES BV      Zichtrekening professioneel        154
21000100002022-00331           1000000001019800271022005010000SI22/215824                                          27102215401 0
2200010000                                                     SDD-826711-7456190                 GEBABEBB                   1 0
2300010000BE42001839300054                     VOLVO                                                                         0 1
31000100012022-00331           005010001001VOLVO                                                                             0 0
8154BE95645100416758                  EUR0000000029044000271022                                                                0
9               000006000000001019800000000000000000                                                                           1
0000029102264505                  ZANDD ENTERPRISES BV      JVBABE22   00712627128 00000                                       2
12155BE95645100416758                  EUR0000000029044000271022ZANDD ENTERPRISES BV      Zichtrekening professioneel        155
21000100002022-00332           1000000003664000291022001010001101071262712841                                      29102215501 0
2200010000                                                                                        PCHQBEBB                   1 0
2300010000BE22679200300047                     Btw ontvangsten Brussel                                                       0 1
31000100012022-00332           001010001001Btw ontvangsten Brussel                                                           1 0
3200010001kruidtuinlaan 50 bus3402           1000, brussel                                                                   0 0
21000200002022-00333           1000000003554910291022001010000Loon 10/2022                                         29102215501 0
2200020000                                                                                        JVBABE22                   1 0
2300020000BE17645105243621                     Z.-D. Takacs-Kha                                                              0 1
31000200012022-00333           001010001001Z.-D. Takacs-Kha                                                                  0 0
21000300002022-00334           1000000001400000291022001010000Voorschot Autersrechten  October 2022                29102215501 0
2200030000                                                                                        JVBABE22                   1 0
2300030000BE17645105243621                     Z.-D. Takacs-Kha                                                              0 1
31000300012022-00334           001010001001Z.-D. Takacs-Kha                                                                  1 0
3200030001LOUIZALAAN 341 341/5D              1050 Brussel (Elsene)                                                           0 0
21000400002022-00335           1000000000341580291022001010001101034758582401                                      29102215501 0
2200040000                                                                                        GEBABEBB                   1 0
2300040000BE22210005809847                     Sodexo Pass Belgium sa/nv                                                     0 1
31000400012022-00335           001010001001Sodexo Pass Belgium sa/nv                                                         1 0
3200040001Pleinlaan 15                       1050 Brussel                                                                    0 0
21000500002022-00336           1000000000220050291022001010000Loon 10/2022                                         29102215501 0
2200050000                                                                                        RABONL2U                   1 0
2300050000NL47RABO0332155048                   Zsuzsanna takacs                                                              0 1
31000500012022-00336           001010001001Zsuzsanna takacs                                                                  1 0
3200050001louizalaan 341, Appartment 5D      1050                                                                            0 0
21000600002022-00337           1000000000002690291022004020000670364XXXXXXX2003 29/10/2022 10:51                   29102215501 0
2200060000                                                                                                                   1 0
2300060000                                     COMPTE CITOYEN                                                                0 1
31000600012022-00337           004020001001COMPTE CITOYEN                                                                    1 0
3200060001BRUXELLES                                                                                                          0 0
8155BE95645100416758                  EUR0000000019860770291022                                                                0
9               000031000000009183230000000000000000                                                                           1
0000031102264505                  ZANDD ENTERPRISES BV      JVBABE22   00712627128 00000                                       2
12156BE95645100416758                  EUR0000000019860770291022ZANDD ENTERPRISES BV      Zichtrekening professioneel        156
21000100002022-00338           1000000001800000311022001030000HUUR BRUSSELSESTWG 614 OVERIJSE   OLISLAEGERS VASTGOE31102215601 0
2200010000D NV                                                                                    KREDBEBB                   1 0
2300010000BE35737056463137                     OLISLAEGERS VASTGOED NV                                                       0 1
31000100012022-00338           001030001001OLISLAEGERS VASTGOED NV                                                           0 0
8156BE95645100416758                  EUR0000000018060770311022                                                                0
9               000006000000001800000000000000000000                                                                           1
0000001112264505                  ZANDD ENTERPRISES BV      JVBABE22   00712627128 00000                                       2
12157BE95645100416758                  EUR0000000018060770311022ZANDD ENTERPRISES BV      Zichtrekening professioneel        157
21000100002022-00339           1000000000379890011122004020000670364XXXXXXX2003 01/11/2022 11:21 Communication: 4ZH01112215701 0
2200010000OIHR AMAZON.DE                                                                                                     1 0
2300010000                                     Amazon DE                                                                     0 1
31000100012022-00339           004020001001Amazon DE                                                                         1 0
3200010001Luxembourg                                                                                                         0 0
8157BE95645100416758                  EUR0000000017680880011122                                                                0
9               000007000000000379890000000000000000                                                                           1
0000002112264505                  ZANDD ENTERPRISES BV      JVBABE22   00712627128 00000                                       2
12158BE95645100416758                  EUR0000000017680880011122ZANDD ENTERPRISES BV      Zichtrekening professioneel        158
21000100002022-00340           1000000000021000021122004020000670364XXXXXXX2003 02/11/2022 11:53                   02112215801 0
2200010000                                                                                                                   1 0
2300010000                                     FORME FS SOCIETE DES T                                                        0 1
31000100012022-00340           004020001001FORME FS SOCIETE DES T                                                            1 0
3200010001Bruxelles                                                                                                          0 0
8158BE95645100416758                  EUR0000000017659880021122                                                                0
9               000007000000000021000000000000000000                                                                           1
0000004112264505                  ZANDD ENTERPRISES BV      JVBABE22   00712627128 00000                                       2
12159BE95645100416758                  EUR0000000017659880021122ZANDD ENTERPRISES BV      Zichtrekening professioneel        159
21000100002022-00341           1000000000500000041122011010000Aank. 3,2048 UNIVERSAL INVEST HI aan 156,01565 EUR   04112215901 0
2200010000Effectenrekening 329862 borderel 766043              519358                                                        0 0
8159BE95645100416758                  EUR0000000017159880041122                                                                0
9               000004000000000500000000000000000000                                                                           1
0000014112264505                  ZANDD ENTERPRISES BV      JVBABE22   00712627128 00000                                       2
12160BE95645100416758                  EUR0000000017159880041122ZANDD ENTERPRISES BV      Zichtrekening professioneel        160
21000100002022-00342           1000000000163350141122001010001101095390843152                                      14112216001 0
2200010000                                                                                        KREDBEBB                   1 0
2300010000BE58731050198279                     Amitech-Andy Miceli                                                           0 1
31000100012022-00342           001010001001Amitech-Andy Miceli                                                               1 0
3200010001Kleine Amer 14                     2870 Puurs-Sint-Amands, Antwerpen                                               0 0
21000200002022-00343           1000000000636980141122001010001101923988521761                                      14112216001 0
2200020000                                                                                        KREDBEBB                   1 0
2300020000BE58731050198279                     Amitech-Andy Miceli                                                           0 1
31000200012022-00343           001010001001Amitech-Andy Miceli                                                               1 0
3200020001Kleine Amer 14                     2870 Puurs-Sint-Amands, Antwerpen                                               0 0
21000300002022-00344           1000000001536430141122001010001101120482697361                                      14112216001 0
2200030000                                                                                        KREDBEBB                   1 0
2300030000BE58731050198279                     Amitech-Andy Miceli                                                           0 1
31000300012022-00344           001010001001Amitech-Andy Miceli                                                               1 0
3200030001Kleine Amer 14                     2870 Puurs-Sint-Amands, Antwerpen                                               0 0
8160BE95645100416758                  EUR0000000014823120141122                                                                0
9               000017000000002336760000000000000000                                                                           1
0000016112264505                  ZANDD ENTERPRISES BV      JVBABE22   00712627128 00000                                       2
12161BE95645100416758                  EUR0000000014823120141122ZANDD ENTERPRISES BV      Zichtrekening professioneel        161
21000100002022-00345           10000000001200001611220050100001023484961161 PAYPAL                                 16112216101 0
2200010000                                                     1023484961161 PAYPAL               DEUTDEFF                   1 0
2300010000DE88500700100175526303               PayPal (Europe) S.a r.l. et Cie, S.                                           0 1
31000100012022-00345           005010001001PayPal (Europe) S.a r.l. et Cie, S.C.A.                                           0 0
21000200002022-00346           10000000000990001611220050100001023500766793 PAYPAL                                 16112216101 0
2200020000                                                     1023500766793 PAYPAL               DEUTDEFF                   1 0
2300020000DE88500700100175526303               PayPal (Europe) S.a r.l. et Cie, S.                                           0 1
31000200012022-00346           005010001001PayPal (Europe) S.a r.l. et Cie, S.C.A.                                           0 0
8161BE95645100416758                  EUR0000000014604120161122                                                                0
9               000010000000000219000000000000000000                                                                           1
0000018112264505                  ZANDD ENTERPRISES BV      JVBABE22   00712627128 00000                                       2
12162BE95645100416758                  EUR0000000014604120161122ZANDD ENTERPRISES BV      Zichtrekening professioneel        162
21000100002022-00347           10000000002637801811220050100003477-2022-876INV                                     18112216201 0
2200010000                                                     159809-513X74-TMSBEL               INGBNL2A                   1 0
2300010000NL92INGB0006087442                   IWG Belgium BV                                                                0 1
31000100012022-00347           005010001001IWG Belgium BV                                                                    1 0
3200010001Louizalaan 65 bus 11               1050 Brussel BE                                                                 0 0
8162BE95645100416758                  EUR0000000014340340181122                                                                0
9               000007000000000263780000000000000000                                                                           1
0000023112264505                  ZANDD ENTERPRISES BV      JVBABE22   00712627128 00000                                       2
12163BE95645100416758                  EUR0000000014340340181122ZANDD ENTERPRISES BV      Zichtrekening professioneel        163
21000100002022-00348           10000000001790002311220050100001023622824138 PAYPAL                                 23112216301 0
2200010000                                                     1023622824138                      BCLXLULL                   1 0
2300010000LU27999000135104200E                 PayPal Europe S.a.r.l. et Cie S.C.A                                           0 1
31000100012022-00348           005010001001PayPal Europe S.a.r.l. et Cie S.C.A                                               0 0
8163BE95645100416758                  EUR0000000014161340231122                                                                0
9               000006000000000179000000000000000000                                                                           1
0000025112264505                  ZANDD ENTERPRISES BV      JVBABE22   00712627128 00000                                       2
12164BE95645100416758                  EUR0000000014161340231122ZANDD ENTERPRISES BV      Zichtrekening professioneel        164
21000100002022-00349           0000000020594200251122001500000INV.NR.20221031.063.DSAK                             25112216401 0
2200010000                                                     00004121/310 2022-11-25            BBRUBEBB           SUPP    1 0
2300010000BE22320006273647                     CRONOS INTERNATIONAL                                                          0 1
31000100012022-00349           001500001001CRONOS INTERNATIONAL                                                              1 0
3200010001RUE PAFEBRUCH 89                   CAPELLEN         8308                                                           0 0
8164BE95645100416758                  EUR0000000034755540251122                                                                0
9               000007000000000000000000000020594200                                                                           1
0000026112264505                  ZANDD ENTERPRISES BV      JVBABE22   00712627128 00000                                       2
12165BE95645100416758                  EUR0000000034755540251122ZANDD ENTERPRISES BV      Zichtrekening professioneel        165
21000100002022-00350           1000000000002500261122004020000670364XXXXXXX2003 26/11/2022 12:41 Communication: DeL26112216501 0
2200010000ijn/DIVB2211233223                                                                                                 1 0
2300010000                                     VVM De Lijn                                                                   0 1
31000100012022-00350           004020001001VVM De Lijn                                                                       1 0
32000100012800 MECHELEN                                                                                                      0 0
8165BE95645100416758                  EUR0000000034753040261122                                                                0
9               000007000000000002500000000000000000                                                                           1
0000027112264505                  ZANDD ENTERPRISES BV      JVBABE22   00712627128 00000                                       2
12166BE95645100416758                  EUR0000000034753040261122ZANDD ENTERPRISES BV      Zichtrekening professioneel        166
21000100002022-00351           1000000000015000271122004020000670364XXXXXXX2003 27/11/2022 12:56 Communication: 5W927112216601 0
2200010000LTE2 1663394936515 payment                                                                                         1 0
2300010000                                     Mobile Vikings                                                                0 1
31000100012022-00351           004020001001Mobile Vikings                                                                    1 0
32000100013500 Hasselt                                                                                                       0 0
21000200002022-00352           1000000000015000271122004020000670364XXXXXXX2003 27/11/2022 13:02 Communication: 6CJ27112216601 0
2200020000ZCB6 1663394936515 payment                                                                                         1 0
2300020000                                     Mobile Vikings                                                                0 1
31000200012022-00352           004020001001Mobile Vikings                                                                    1 0
32000200013500 Hasselt                                                                                                       0 0
21000300002022-00353           1000000000015000271122004020000670364XXXXXXX2003 27/11/2022 13:07 Communication: 59327112216601 0
22000300009U9Q 1663394936515 payment                                                                                         1 0
2300030000                                     Mobile Vikings                                                                0 1
31000300012022-00353           004020001001Mobile Vikings                                                                    1 0
32000300013500 Hasselt                                                                                                       0 0
21000400002022-00354           1000000000039250271122004020000670364XXXXXXX2003 27/11/2022 15:13 Communication: De 27112216601 0
2200040000Notenshop - Buckaroo                                                                                               1 0
2300040000                                     De Notenshop BV                                                               0 1
31000400012022-00354           004020001001De Notenshop BV                                                                   1 0
32000400013291 CR Strijen                                                                                                    0 0
8166BE95645100416758                  EUR0000000034668790271122                                                                0
9               000022000000000084250000000000000000                                                                           1
0000028112264505                  ZANDD ENTERPRISES BV      JVBABE22   00712627128 00000                                       2
12167BE95645100416758                  EUR0000000034668790271122ZANDD ENTERPRISES BV      Zichtrekening professioneel        167
21000100002022-00355           1000000001019800281122005010000SI22/240358                                          28112216701 0
2200010000                                                     SDD-831636-7675204                 GEBABEBB                   1 0
2300010000BE42001839300054                     VOLVO                                                                         0 1
31000100012022-00355           005010001001VOLVO                                                                             0 0
21000200002022-00356           1000000000021000281122004020000670364XXXXXXX2003 28/11/2022 07:21                   28112216701 0
2200020000                                                                                                                   1 0
2300020000                                     FORME FS SOCIETE DES T                                                        0 1
31000200012022-00356           004020001001FORME FS SOCIETE DES T                                                            1 0
32000200011000 Bruxelles                                                                                                     0 0
8167BE95645100416758                  EUR0000000033627990281122                                                                0
9               000011000000001040800000000000000000                                                                           1
0000030112264505                  ZANDD ENTERPRISES BV      JVBABE22   00712627128 00000                                       2
12168BE95645100416758                  EUR0000000033627990281122ZANDD ENTERPRISES BV      Zichtrekening professioneel        168
21000100002022-00357           1000000001800000301122001030000HUUR BRUSSELSESTWG 614 OVERIJSE   OLISLAEGERS VASTGOE30112216801 0
2200010000D NV                                                                                    KREDBEBB                   1 0
2300010000BE35737056463137                     OLISLAEGERS VASTGOED NV                                                       0 1
31000100012022-00357           001030001001OLISLAEGERS VASTGOED NV                                                           0 0
21000200002022-00358           1000000003574200301122001010001101071262712841                                      30112216801 0
2200020000                                                                                        PCHQBEBB                   1 0
2300020000BE22679200300047                     Btw ontvangsten Brussel                                                       0 1
31000200012022-00358           001010001001Btw ontvangsten Brussel                                                           1 0
3200020001kruidtuinlaan 50 bus3402           1000, brussel                                                                   0 0
21000300002022-00359           1000000001400000301122001010000Voorschot Autersrechten  November 2022               30112216801 0
2200030000                                                                                        JVBABE22                   1 0
2300030000BE17645105243621                     Z.-D. Takacs-Kha                                                              0 1
31000300012022-00359           001010001001Z.-D. Takacs-Kha                                                                  1 0
3200030001LOUIZALAAN 341 341/5D              1050 Brussel (Elsene)                                                           0 0
21000400002022-00360           1000000003554910301122001010000Loon 11/2022                                         30112216801 0
2200040000                                                                                        JVBABE22                   1 0
2300040000BE17645105243621                     Z.-D. Takacs-Kha                                                              0 1
31000400012022-00360           001010001001Z.-D. Takacs-Kha                                                                  0 0
21000500002022-00361           1000000000350220301122001010001101034811501153                                      30112216801 0
2200050000                                                                                        GEBABEBB                   1 0
2300050000BE22210005809847                     Sodexo Pass Belgium sa/nv                                                     0 1
31000500012022-00361           001010001001Sodexo Pass Belgium sa/nv                                                         1 0
3200050001Pleinlaan 15                       1050 Brussel                                                                    0 0
21000600002022-00362           1000000000202730301122001010001101720723140163                                      30112216801 0
2200060000                                                                                        GEBABEBB                   1 0
2300060000BE82210000088968                     Proximus                                                                      0 1
31000600012022-00362           001010001001Proximus                                                                          1 0
3200060001Koning Albert II-laan 27           1030 Brussel                                                                    0 0
21000700002022-00363           1000000000220050301122001010000Loon 11/2022                                         30112216801 0
2200070000                                                                                        RABONL2U                   1 0
2300070000NL47RABO0332155048                   Zsuzsanna takacs                                                              0 1
31000700012022-00363           001010001001Zsuzsanna takacs                                                                  1 0
3200070001louizalaan 341, Appartment 5D      1050                                                                            0 0
8168BE95645100416758                  EUR0000000022525880301122                                                                0
9               000035000000011102110000000000000000                                                                           2
