0000001112264505                  ZANDD ENTERPRISES BV      JVBABE22   00712627128 00000                                       2
12157BE95645100416758                  EUR0000000018060770311022ZANDD ENTERPRISES BV      Zichtrekening professioneel        157
21000100002022-00339           1000000000379890011122004020000670364XXXXXXX2003 01/11/2022 11:21 Communication: 4ZH01112215701 0
2200010000OIHR AMAZON.DE                                                                                                     1 0
2300010000                                     Amazon DE                                                                     0 1
31000100012022-00339           004020001001Amazon DE                                                                         1 0
3200010001Luxembourg                                                                                                         0 0
8157BE95645100416758                  EUR0000000017680880011122                                                                0
9               000007000000000379890000000000000000                                                                           1
0000002112264505                  ZANDD ENTERPRISES BV      JVBABE22   00712627128 00000                                       2
12158BE95645100416758                  EUR0000000017680880011122ZANDD ENTERPRISES BV      Zichtrekening professioneel        158
21000100002022-00340           1000000000021000021122004020000670364XXXXXXX2003 02/11/2022 11:53                   02112215801 0
2200010000                                                                                                                   1 0
2300010000                                     FORME FS SOCIETE DES T                                                        0 1
31000100012022-00340           004020001001FORME FS SOCIETE DES T                                                            1 0
3200010001Bruxelles                                                                                                          0 0
8158BE95645100416758                  EUR0000000017659880021122                                                                0
9               000007000000000021000000000000000000                                                                           1
0000004112264505                  ZANDD ENTERPRISES BV      JVBABE22   00712627128 00000                                       2
12159BE95645100416758                  EUR0000000017659880021122ZANDD ENTERPRISES BV      Zichtrekening professioneel        159
21000100002022-00341           1000000000500000041122011010000Aank. 3,2048 UNIVERSAL INVEST HI aan 156,01565 EUR   04112215901 0
2200010000Effectenrekening 329862 borderel 766043              519358                                                        0 0
8159BE95645100416758                  EUR0000000017159880041122                                                                0
9               000004000000000500000000000000000000                                                                           2
