0000001092264505                  ZANDD ENTERPRISES BV      JVBABE22   00712627128 00000                                       2
12125BE95645100416758                  EUR0000000010759510310822ZANDD ENTERPRISES BV      Zichtrekening professioneel        125
21000100002022-00274           10000000000258000109220050100001022059615221 PAYPAL                                 01092212501 0
2200010000                                                     1022059615221 PAYPAL               DEUTDEFF                   1 0
2300010000DE88500700100175526303               PayPal (Europe) S.a r.l. et Cie, S.                                           0 1
31000100012022-00274           005010001001PayPal (Europe) S.a r.l. et Cie, S.C.A.                                           0 0
21000200002022-00275           1000000000203990010922004020000670364XXXXXXX2003 01/09/2022 17:22 Communication: Aze01092212501 0
2200020000rty.nl WA000103069 by Multi                                                                                        1 0
2300020000                                     Azerty BV                                                                     0 1
31000200012022-00275           004020001001Azerty BV                                                                         1 0
3200020001Raalte                                                                                                             0 0
8125BE95645100416758                  EUR0000000010529720010922                                                                0
9               000011000000000229790000000000000000                                                                           1
0000002092264505                  ZANDD ENTERPRISES BV      JVBABE22   00712627128 00000                                       2
12126BE95645100416758                  EUR0000000010529720010922ZANDD ENTERPRISES BV      Zichtrekening professioneel        126
21000100002022-00276           1000000000108590020922005010000FAK223610612                                         02092212601 0
2200010000                                                     982087299332                       GKCCBEBB                   1 0
2300010000BE84091010925259                     DE WATERGROEP                                                                 0 1
31000100012022-00276           005010001001DE WATERGROEP                                                                     1 0
3200010001VOORUITGANGSTRAAT                   189                                                                            0 0
8126BE95645100416758                  EUR0000000010421130020922                                                                0
9               000007000000000108590000000000000000                                                                           1
0000003092264505                  ZANDD ENTERPRISES BV      JVBABE22   00712627128 00000                                       2
12127BE95645100416758                  EUR0000000010421130020922ZANDD ENTERPRISES BV      Zichtrekening professioneel        127
21000100002022-00277           100000000036900003092200101000021896030                                             03092212701 0
2200010000                                                                                        BBRUBEBB                   1 0
2300010000BE40320017100463                     123 INKT BVBA                                                                 0 1
31000100012022-00277           001010001001123 INKT BVBA                                                                     1 0
3200010001RIJVISSCHESTRAAT 118 BUS 2         9052 GENT                                                                       0 0
8127BE95645100416758                  EUR0000000010052130030922                                                                0
9               000007000000000369000000000000000000                                                                           1
0000005092264505                  ZANDD ENTERPRISES BV      JVBABE22   00712627128 00000                                       2
12128BE95645100416758                  EUR0000000010052130030922ZANDD ENTERPRISES BV      Zichtrekening professioneel        128
21000100002022-00278           1000000000500000050922011010000Aank. 3,1099 UNIVERSAL INVEST HIGH aan 160,776 EUR   05092212801 0
2200010000Effectenrekening 329862 borderel 638680              494637                                                        0 0
8128BE95645100416758                  EUR0000000009552130050922                                                                0
9               000004000000000500000000000000000000                                                                           1
0000006092264505                  ZANDD ENTERPRISES BV      JVBABE22   00712627128 00000                                       2
12129BE95645100416758                  EUR0000000009552130050922ZANDD ENTERPRISES BV      Zichtrekening professioneel        129
21000100002022-00279           10000000000105600609220050100001022156378710 PAYPAL                                 06092212901 0
2200010000                                                     1022156378710 PAYPAL               DEUTDEFF                   1 0
2300010000DE88500700100175526303               PayPal (Europe) S.a r.l. et Cie, S.                                           0 1
31000100012022-00279           005010001001PayPal (Europe) S.a r.l. et Cie, S.C.A.                                           0 0
21000200002022-00280           10000000000010400609220050100001022122984848 PAYPAL                                 06092212901 0
2200020000                                                     1022122984848 PAYPAL               DEUTDEFF                   1 0
2300020000DE88500700100175526303               PayPal (Europe) S.a r.l. et Cie, S.                                           0 1
31000200012022-00280           005010001001PayPal (Europe) S.a r.l. et Cie, S.C.A.                                           0 0
21000300002022-00281           10000000000047000609220050100001022138559168 PAYPAL                                 06092212901 0
2200030000                                                     1022138559168 PAYPAL               DEUTDEFF                   1 0
2300030000DE88500700100175526303               PayPal (Europe) S.a r.l. et Cie, S.                                           0 1
31000300012022-00281           005010001001PayPal (Europe) S.a r.l. et Cie, S.C.A.                                           0 0
21000400002022-00282           10000000001263300609220050100001022146624165 PAYPAL                                 06092212901 0
2200040000                                                     1022146624165 PAYPAL               DEUTDEFF                   1 0
2300040000DE88500700100175526303               PayPal (Europe) S.a r.l. et Cie, S.                                           0 1
31000400012022-00282           005010001001PayPal (Europe) S.a r.l. et Cie, S.C.A.                                           0 0
8129BE95645100416758                  EUR0000000009409500060922                                                                0
9               000018000000000142630000000000000000                                                                           1
0000010092264505                  ZANDD ENTERPRISES BV      JVBABE22   00712627128 00000                                       2
12130BE95645100416758                  EUR0000000009409500060922ZANDD ENTERPRISES BV      Zichtrekening professioneel        130
21000100002022-00283           1000000000072840100922001010000Factuur F2022/6821                                   10092213001 0
2200010000                                                                                        GEBABEBB                   1 0
2300010000BE49235021763071                     The Waterpurifier                                                             0 1
31000100012022-00283           001010001001The Waterpurifier                                                                 1 0
3200010001Genebroekstraat 82                 B--3581 Beverlo                                                                 0 0
21000200002022-00284           1000000000052090100922001010000Factuur F2022/5723                                   10092213001 0
2200020000                                                                                        GEBABEBB                   1 0
2300020000BE49235021763071                     The Waterpurifier                                                             0 1
31000200012022-00284           001010001001The Waterpurifier                                                                 1 0
3200020001Genebroekstraat 82                 B--3581 Beverlo                                                                 0 0
21000300002022-00285           1000000000072840100922001010000Factuur F2022/6247                                   10092213001 0
2200030000                                                                                        GEBABEBB                   1 0
2300030000BE49235021763071                     The Waterpurifier                                                             0 1
31000300012022-00285           001010001001The Waterpurifier                                                                 1 0
3200030001Genebroekstraat 82                 B--3581 Beverlo                                                                 0 0
8130BE95645100416758                  EUR0000000009211730100922                                                                0
9               000017000000000197770000000000000000                                                                           1
0000012092264505                  ZANDD ENTERPRISES BV      JVBABE22   00712627128 00000                                       2
12131BE95645100416758                  EUR0000000009211730100922ZANDD ENTERPRISES BV      Zichtrekening professioneel        131
21000100002022-00286           1000000000314000120922001010001101394010922167                                      12092213101 0
2200010000                                                                                        BBRUBEBB                   1 0
2300010000BE86335013434950                     Peumans Bvba                                                                  0 1
31000100012022-00286           001010001001Peumans Bvba                                                                      0 0
21000200002022-00287           1000000000314000120922001010001101232010822144                                      12092213101 0
2200020000                                                                                        BBRUBEBB                   1 0
2300020000BE86335013434950                     Peumans Bvba                                                                  0 1
31000200012022-00287           001010001001Peumans Bvba                                                                      0 0
21000300002022-00288           1000000000357570120922001010000                                                     12092213101 0
2200030000                                                                                        JVBABE22                   1 0
2300030000BE17645105243621                     Z.-D. Takacs-Kha                                                              0 1
31000300012022-00288           001010001001Z.-D. Takacs-Kha                                                                  1 0
3200030001LOUIZALAAN 341 341/5D              1050 Brussel (Elsene)                                                           0 0
21000400002022-00289           0000000000291610120922001500000Verkeerde declaratie Slotenmakerij-vandevijver BVBA J12092213101 0
2200040000uni 2022                                                                                JVBABE22                   1 0
2300040000BE17645105243621                     Takacs-Kha Z.-D.                                                              0 1
31000400012022-00289           001500001001Takacs-Kha Z.-D.                                                                  1 0
3200040001LOUIZALAAN 341 341/5D              1050 Brussel (Elsene)                                                           0 0
21000500002022-00290           1000000000051760120922001010000Declaraties ZT_07 2022_EXP.31072022.007.ZT           12092213101 0
2200050000                                                                                        RABONL2U                   1 0
2300050000NL47RABO0332155048                   Zsuzsanna takacs                                                              0 1
31000500012022-00290           001010001001Zsuzsanna takacs                                                                  1 0
3200050001louizalaan 341, Appartment 5D      1050                                                                            0 0
21000600002022-00291           10000000013763901209220010100002022_EXP.31082022.008.DSAK.pdf                       12092213101 0
2200060000                                                                                        JVBABE22                   1 0
2300060000BE17645105243621                     Z.-D. Takacs-Kha                                                              0 1
31000600012022-00291           001010001001Z.-D. Takacs-Kha                                                                  1 0
3200060001LOUIZALAAN 341 341/5D              1050 Brussel (Elsene)                                                           0 0
21000700002022-00292           1000000002468510120922001010000Factuur 20220905                                     12092213101 0
2200070000                                                                                        KREDBEBB                   1 0
2300070000BE29736035395364                     Livingreen Co BV                                                              0 1
31000700012022-00292           001010001001Livingreen Co BV                                                                  0 0
8131BE95645100416758                  EUR0000000004621110120922                                                                0
9               000034000000004882230000000000291610                                                                           2
