0000001062264505                  ZANDD ENTERPRISES BV      JVBABE22   00712627128 00000                                       2
12077BE95645100416758                  EUR0000000013981550300522ZANDD ENTERPRISES BV      Zichtrekening professioneel        077
21000100002022-00168           10000000000020000106220050100001020386425559 PAYPAL                                 01062207701 0
2200010000                                                     1020386425559 PAYPAL               DEUTDEFF                   1 0
2300010000DE88500700100175526303               PayPal (Europe) S.a r.l. et Cie, S.                                           0 1
31000100012022-00168           005010001001PayPal (Europe) S.a r.l. et Cie, S.C.A.                                           0 0
21000200002022-00169           1000000001073400010622001010000ZANDD - FAC.NR.20210731_115.DSAK                     01062207701 0
2200020000                                                                                        RABONL2U                   1 0
2300020000NL38RABO0103425039                   Integrated Communication Systems BV                                           0 1
31000200012022-00169           001010001001Integrated Communication Systems BV                                               1 0
3200020001Jan de Louterstraat 14             1063 KX, Amsterdam                                                              0 0
8077BE95645100416758                  EUR0000000012906150010622                                                                0
9               000011000000001075400000000000000000                                                                           1
0000003062264505                  ZANDD ENTERPRISES BV      JVBABE22   00712627128 00000                                       2
12078BE95645100416758                  EUR0000000012906150010622ZANDD ENTERPRISES BV      Zichtrekening professioneel        078
21000100002022-00170           1000000000500000030622011010000Aank. 3,0614 UNIVERSAL INVEST HI aan 163,32365 EUR   03062207801 0
2200010000Effectenrekening 329862 borderel 407382              457575                                                        0 0
8078BE95645100416758                  EUR0000000012406150030622                                                                0
9               000004000000000500000000000000000000                                                                           1
0000005062264505                  ZANDD ENTERPRISES BV      JVBABE22   00712627128 00000                                       2
12079BE95645100416758                  EUR0000000012406150030622ZANDD ENTERPRISES BV      Zichtrekening professioneel        079
21000100002022-00171           1000000000080030050622004020000670364XXXXXXX2003 05/06/2022 18:02 Communication: 3D205062207901 0
2200010000OOGL DELIVEROO.BE                                                                                                  1 0
2300010000                                     Deliveroo Belgiu                                                              0 1
31000100012022-00171           004020001001Deliveroo Belgiu                                                                  1 0
3200010001Bruxelles                                                                                                          0 0
8079BE95645100416758                  EUR0000000012326120050622                                                                0
9               000007000000000080030000000000000000                                                                           1
0000007062264505                  ZANDD ENTERPRISES BV      JVBABE22   00712627128 00000                                       2
12080BE95645100416758                  EUR0000000012326120050622ZANDD ENTERPRISES BV      Zichtrekening professioneel        080
21000100002022-00172           10000000000991700706220050100001020486860739 PAYPAL                                 07062208001 0
2200010000                                                     1020486860739 PAYPAL               DEUTDEFF                   1 0
2300010000DE88500700100175526303               PayPal (Europe) S.a r.l. et Cie, S.                                           0 1
31000100012022-00172           005010001001PayPal (Europe) S.a r.l. et Cie, S.C.A.                                           0 0
21000200002022-00173           10000000000172000706220050100001020490717706 PAYPAL                                 07062208001 0
2200020000                                                     1020490717706 PAYPAL               DEUTDEFF                   1 0
2300020000DE88500700100175526303               PayPal (Europe) S.a r.l. et Cie, S.                                           0 1
31000200012022-00173           005010001001PayPal (Europe) S.a r.l. et Cie, S.C.A.                                           0 0
21000300002022-00174           1000000000021000070622004020000670364XXXXXXX2003 07/06/2022 21:59                   07062208001 0
2200030000                                                                                                                   1 0
2300030000                                     FORME FS SOCIETE DES T                                                        0 1
31000300012022-00174           004020001001FORME FS SOCIETE DES T                                                            1 0
3200030001Bruxelles                                                                                                          0 0
8080BE95645100416758                  EUR0000000012188750070622                                                                0
9               000015000000000137370000000000000000                                                                           1
0000010062264505                  ZANDD ENTERPRISES BV      JVBABE22   00712627128 00000                                       2
12081BE95645100416758                  EUR0000000012188750070622ZANDD ENTERPRISES BV      Zichtrekening professioneel        081
21000100002022-00175           10000000000009801006220050100001020565402048 PAYPAL                                 10062208101 0
2200010000                                                     1020565402048 PAYPAL               DEUTDEFF                   1 0
2300010000DE88500700100175526303               PayPal (Europe) S.a r.l. et Cie, S.                                           0 1
31000100012022-00175           005010001001PayPal (Europe) S.a r.l. et Cie, S.C.A.                                           0 0
21000200002022-00176           10000000000343501006220050100001020575103660 PAYPAL                                 10062208101 0
2200020000                                                     1020575103660 PAYPAL               DEUTDEFF                   1 0
2300020000DE88500700100175526303               PayPal (Europe) S.a r.l. et Cie, S.                                           0 1
31000200012022-00176           005010001001PayPal (Europe) S.a r.l. et Cie, S.C.A.                                           0 0
21000300002022-00177           0000000000350000100622001500000Terugstorting saldo (k157725)                        10062208101 0
2200030000                                                     NOTPROVIDED                        BBRUBEBB                   1 0
2300030000BE09363065981157                     AC BRUSSELS NV                                                                0 1
31000300012022-00177           001500001001AC BRUSSELS NV                                                                    1 0
3200030001BRUSSELSESTWG 343                  3090 OVERIJSE                                                                   0 0
8081BE95645100416758                  EUR0000000012503420100622                                                                0
9               000015000000000035330000000000350000                                                                           1
0000012062264505                  ZANDD ENTERPRISES BV      JVBABE22   00712627128 00000                                       2
12082BE95645100416758                  EUR0000000012503420100622ZANDD ENTERPRISES BV      Zichtrekening professioneel        082
21000100002022-00178           1000000000080000120622004020000670364XXXXXXX2003 12/06/2022 19:01 Communication: Piz12062208201 0
2200010000za.be                                                                                                              1 0
2300010000                                     Takeaway.com                                                                  0 1
31000100012022-00178           004020001001Takeaway.com                                                                      1 0
3200010001AMSTERDAM                                                                                                          0 0
8082BE95645100416758                  EUR0000000012423420120622                                                                0
9               000007000000000080000000000000000000                                                                           1
0000013062264505                  ZANDD ENTERPRISES BV      JVBABE22   00712627128 00000                                       2
12083BE95645100416758                  EUR0000000012423420120622ZANDD ENTERPRISES BV      Zichtrekening professioneel        083
21000100002022-00179           1000000000076000130622005010000c't magazine nr 337574 Dhr. D. Khan                  13062208301 0
2200010000                                                     0001002205047270                   ABNANL2A                   1 0
2300010000NL64ABNA0832612197                   F L MEDIA BV                                                                  0 1
31000100012022-00179           005010001001F L MEDIA BV                                                                      0 0
8083BE95645100416758                  EUR0000000012347420130622                                                                0
9               000006000000000076000000000000000000                                                                           1
0000017062264505                  ZANDD ENTERPRISES BV      JVBABE22   00712627128 00000                                       2
12084BE95645100416758                  EUR0000000012347420130622ZANDD ENTERPRISES BV      Zichtrekening professioneel        084
21000100002022-00180           10000000000248501706220050100001020687213728 PAYPAL                                 17062208401 0
2200010000                                                     1020687213728 PAYPAL               DEUTDEFF                   1 0
2300010000DE88500700100175526303               PayPal (Europe) S.a r.l. et Cie, S.                                           0 1
31000100012022-00180           005010001001PayPal (Europe) S.a r.l. et Cie, S.C.A.                                           0 0
8084BE95645100416758                  EUR0000000012322570170622                                                                0
9               000006000000000024850000000000000000                                                                           1
0000018062264505                  ZANDD ENTERPRISES BV      JVBABE22   00712627128 00000                                       2
12085BE95645100416758                  EUR0000000012322570170622ZANDD ENTERPRISES BV      Zichtrekening professioneel        085
21000100002022-00181           1000000002179970180622001010001101490915220957                                      18062208501 0
2200010000                                                                                        KREDBEBB                   1 0
2300010000BE31410000071155                     VOLVO CAR INSURANCE                                                           0 1
31000100012022-00181           001010001001VOLVO CAR INSURANCE                                                               0 0
21000200002022-00182           1000000000212820180622001010001101720437619249                                      18062208501 0
2200020000                                                                                        GEBABEBB                   1 0
2300020000BE82210000088968                     Proximus                                                                      0 1
31000200012022-00182           001010001001Proximus                                                                          1 0
3200020001Koning Albert II-laan 27           1030 Brussel                                                                    0 0
21000300002022-00183           1000000000305370180622001010001101000012416909                                      18062208501 0
2200030000                                                                                        KREDBEBB                   1 0
2300030000BE75439811100151                     verassfin                                                                     0 1
31000300012022-00183           001010001001verassfin                                                                         1 0
3200030001Henri Dunantlaan 23                1140 EVERE                                                                      0 0
21000400002022-00184           1000000000104180180622001010000Factuur F2022/4040                                   18062208501 0
2200040000                                                                                        GEBABEBB                   1 0
2300040000BE49235021763071                     The Waterpurifier                                                             0 1
31000400012022-00184           001010001001The Waterpurifier                                                                 1 0
3200040001Genebroekstraat 82                 B--3581 Beverlo                                                                 0 0
8085BE95645100416758                  EUR0000000009520230180622                                                                0
9               000021000000002802340000000000000000                                                                           2
