0000002062364505                  ZANDD ENTERPRISES BV      JVBABE22   00712627128 00000                                       2
12074BE95645100416758                  EUR0000000024589360310523ZANDD ENTERPRISES BV      Zichtrekening professioneel        074
21000100002023-00172           1000000000017000020623004020000670364XXXXXXX2003 02/06/2023 10:38 Communication: DeL02062307401 0
2200010000ijn/DIVB230611651                                                                                                  1 0
2300010000                                     VVM De Lijn                                                                   0 1
31000100012023-00172           004020001001VVM De Lijn                                                                       1 0
32000100012800 MECHELEN                                                                                                      0 0
8074BE95645100416758                  EUR0000000024572360020623                                                                0
9               000007000000000017000000000000000000                                                                           1
0000003062364505                  ZANDD ENTERPRISES BV      JVBABE22   00712627128 00000                                       2
12075BE95645100416758                  EUR0000000024572360020623ZANDD ENTERPRISES BV      Zichtrekening professioneel        075
21000100002023-00173           1000000000022400030623004020000670364XXXXXXX2003 03/06/2023 15:14                   03062307501 0
2200010000                                                                                                                   1 0
2300010000                                     FORME FS SOCIETE DES T                                                        0 1
31000100012023-00173           004020001001FORME FS SOCIETE DES T                                                            1 0
32000100011000 Bruxelles                                                                                                     0 0
8075BE95645100416758                  EUR0000000024549960030623                                                                0
9               000007000000000022400000000000000000                                                                           2
