0000002062364505                  ZANDD ENTERPRISES BV      JVBABE22   00712627128 00000                                       2
12074BE95645100416758                  EUR0000000024589360310523ZANDD ENTERPRISES BV      Zichtrekening professioneel        074
21000100002023-00172           1000000000017000020623004020000670364XXXXXXX2003 02/06/2023 10:38 Communication: DeL02062307401 0
2200010000ijn/DIVB230611651                                                                                                  1 0
2300010000                                     VVM De Lijn                                                                   0 1
31000100012023-00172           004020001001VVM De Lijn                                                                       1 0
32000100012800 MECHELEN                                                                                                      0 0
8074BE95645100416758                  EUR0000000024572360020623                                                                0
9               000007000000000017000000000000000000                                                                           1
0000003062364505                  ZANDD ENTERPRISES BV      JVBABE22   00712627128 00000                                       2
12075BE95645100416758                  EUR0000000024572360020623ZANDD ENTERPRISES BV      Zichtrekening professioneel        075
21000100002023-00173           1000000000022400030623004020000670364XXXXXXX2003 03/06/2023 15:14                   03062307501 0
2200010000                                                                                                                   1 0
2300010000                                     FORME FS SOCIETE DES T                                                        0 1
31000100012023-00173           004020001001FORME FS SOCIETE DES T                                                            1 0
32000100011000 Bruxelles                                                                                                     0 0
8075BE95645100416758                  EUR0000000024549960030623                                                                0
9               000007000000000022400000000000000000                                                                           1
0000004062364505                  ZANDD ENTERPRISES BV      JVBABE22   00712627128 00000                                       2
12076BE95645100416758                  EUR0000000024549960030623ZANDD ENTERPRISES BV      Zichtrekening professioneel        076
21000100002023-00174           1000000000874190040623001010001101423953771032                                      04062307601 0
2200010000                                                                                        KREDBEBB                   1 0
2300010000BE56435410980188                     Liantis sociaal secretariaat vzw                                              0 1
31000100012023-00174           001010001001Liantis sociaal secretariaat vzw                                                  1 0
3200010001Willebroekkaai 37                  1000 Brussel                                                                    0 0
21000200002023-00175           1000000000330330040623001010000Factuurnummer: 221665                                04062307601 0
2200020000                                                                                        BBRUBEBB                   1 0
2300020000BE86335013434950                     Peumans Bvba                                                                  0 1
31000200012023-00175           001010001001Peumans Bvba                                                                      0 0
21000300002023-00176           1000000000008150040623001010000E0400NHHBD                                           04062307601 0
2200030000                                                                                        CITIGB2L                   1 0
2300030000GB31CITI18500812207591               MICROSOFT IRELAND OPERATIONS LIMITE                                           0 1
31000300012023-00176           001010001001MICROSOFT IRELAND OPERATIONS LIMITED                                              1 0
3200030001One Microsoft place                south county business park, leopard                                             0 0
21000400002023-00177           1000000001898520040623001010000EXP.31052023.005.DSAK                                04062307601 0
2200040000                                                                                        JVBABE22                   1 0
2300040000BE17645105243621                     Z.-D. Takacs-Kha                                                              0 1
31000400012023-00177           001010001001Z.-D. Takacs-Kha                                                                  1 0
3200040001LOUIZALAAN 341 341/5D              1050 Brussel (Elsene)                                                           0 0
21000500002023-00178           1000000001846490040623001010000EXP.30042023.004.DSAK                                04062307601 0
2200050000                                                                                        JVBABE22                   1 0
2300050000BE17645105243621                     Z.-D. Takacs-Kha                                                              0 1
31000500012023-00178           001010001001Z.-D. Takacs-Kha                                                                  1 0
3200050001LOUIZALAAN 341 341/5D              1050 Brussel (Elsene)                                                           0 0
8076BE95645100416758                  EUR0000000019592280040623                                                                0
9               000026000000004957680000000000000000                                                                           1
0000005062364505                  ZANDD ENTERPRISES BV      JVBABE22   00712627128 00000                                       2
12077BE95645100416758                  EUR0000000019592280040623ZANDD ENTERPRISES BV      Zichtrekening professioneel        077
21000100002023-00179           1000000000108590050623005010000FAK232130725                                         05062307701 0
2200010000                                                     982194799479                       GKCCBEBB                   1 0
2300010000BE84091010925259                     DE WATERGROEP                                                                 0 1
31000100012023-00179           005010001001DE WATERGROEP                                                                     1 0
3200010001VOORUITGANGSTRAAT                   189                                                                            0 0
21000200002023-00180           1000000000499990050623011010000Aank. 3,0221 UNIVERSAL INVEST HIGH aan 165,445 EUR   05062307701 0
2200020000Effectenrekening 329862 borderel 379436              606050                                                        0 0
8077BE95645100416758                  EUR0000000018983700050623                                                                0
9               000009000000000608580000000000000000                                                                           1
0000006062364505                  ZANDD ENTERPRISES BV      JVBABE22   00712627128 00000                                       2
12078BE95645100416758                  EUR0000000018983700050623ZANDD ENTERPRISES BV      Zichtrekening professioneel        078
21000100002023-00181           10000000000991700606230050100001027407197573 PAYPAL                                 06062307801 0
2200010000                                                     1027407197573 PAYPAL               DEUTDEFF                   1 0
2300010000DE88500700100175526303               PayPal (Europe) S.a r.l. et Cie, S.                                           0 1
31000100012023-00181           005010001001PayPal (Europe) S.a r.l. et Cie, S.C.A.                                           0 0
8078BE95645100416758                  EUR0000000018884530060623                                                                0
9               000006000000000099170000000000000000                                                                           1
0000009062364505                  ZANDD ENTERPRISES BV      JVBABE22   00712627128 00000                                       2
12079BE95645100416758                  EUR0000000018884530060623ZANDD ENTERPRISES BV      Zichtrekening professioneel        079
21000100002023-00182           1000000000015750260523011010000Aank. 0,0977 UNIVERSAL INVEST HIGH aan 161,23 EUR    09062307901 0
2200010000Effectenrekening 329862 borderel 397104                                                                            0 0
8079BE95645100416758                  EUR0000000018868780090623                                                                0
9               000004000000000015750000000000000000                                                                           2
