0000003092364505                  ZANDD ENTERPRISES BV      JVBABE22   00712627128 00000                                       2
12116BE95645100416758                  EUR0000000033252460310823ZANDD ENTERPRISES BV      Zichtrekening professioneel        116
21000100002023-00242           1000000001400000030923001010000Voorschot Autersrechten  08-2023                     03092311601 0
2200010000                                                                                        JVBABE22                   1 0
2300010000BE17645105243621                     Z.-D. Takacs-Kha                                                              0 1
31000100012023-00242           001010001001Z.-D. Takacs-Kha                                                                  1 0
3200010001LOUIZALAAN 341 341/5D              1050 Brussel (Elsene)                                                           0 0
21000200002023-00243           1000000003554910030923001010000Loon 08 - 2023                                       03092311601 0
2200020000                                                                                        JVBABE22                   1 0
2300020000BE17645105243621                     Z.-D. Takacs-Kha                                                              0 1
31000200012023-00243           001010001001Z.-D. Takacs-Kha                                                                  0 0
21000300002023-00244           1000000000363950030923001010001101035319992937                                      03092311601 0
2200030000                                                                                        GEBABEBB                   1 0
2300030000BE22210005809847                     Sodexo Pass Belgium sa/nv                                                     0 1
31000300012023-00244           001010001001Sodexo Pass Belgium sa/nv                                                         1 0
3200030001Pleinlaan 15                       1050 Brussel                                                                    0 0
21000400002023-00245           1000000000220050030923001010000Loon 08 - 2023                                       03092311601 0
2200040000                                                                                        KREDBEBB                   1 0
2300040000BE79734071733933                     Zsuzsanna takacs                                                              0 1
31000400012023-00245           001010001001Zsuzsanna takacs                                                                  1 0
3200040001Brusselsesteenweg 614              3090                                                                            0 0
8116BE95645100416758                  EUR0000000027713550030923                                                                0
9               000021000000005538910000000000000000                                                                           1
0000005092364505                  ZANDD ENTERPRISES BV      JVBABE22   00712627128 00000                                       2
12117BE95645100416758                  EUR0000000027713550030923ZANDD ENTERPRISES BV      Zichtrekening professioneel        117
21000100002023-00246           1000000000499990050923011010000Aank. 2,9332 UNIVERSAL INVEST HIG aan 170,4591 EUR   05092311701 0
2200010000Effectenrekening 329862 borderel 563927              642962                                                        0 0
8117BE95645100416758                  EUR0000000027213560050923                                                                0
9               000004000000000499990000000000000000                                                                           1
0000006092364505                  ZANDD ENTERPRISES BV      JVBABE22   00712627128 00000                                       2
12118BE95645100416758                  EUR0000000027213560050923ZANDD ENTERPRISES BV      Zichtrekening professioneel        118
21000100002023-00247           1000000000040000060923004020000670364XXXXXXX2003 06/09/2023 13:05                   06092311801 0
2200010000                                                                                                                   1 0
2300010000                                     NATIONALE LOTERIJ                                                             0 1
31000100012023-00247           004020001001NATIONALE LOTERIJ                                                                 1 0
32000100011040 BRUSSEL                                                                                                       0 0
21000200002023-00248           1000000000500000060923004020000670364XXXXXXX2003 06/09/2023 09:28                   06092311801 0
2200020000                                                                                                                   1 0
2300020000                                     Revolut**0681*                                                                0 1
31000200012023-00248           004020001001Revolut**0681*                                                                    1 0
3200020001D02 R296 Dublin                                                                                                    0 0
8118BE95645100416758                  EUR0000000026673560060923                                                                0
9               000012000000000540000000000000000000                                                                           1
0000008092364505                  ZANDD ENTERPRISES BV      JVBABE22   00712627128 00000                                       2
12119BE95645100416758                  EUR0000000026673560060923ZANDD ENTERPRISES BV      Zichtrekening professioneel        119
21000100002023-00249           1000000000061860080923004020000670364XXXXXXX2003 07/09/2023 23:51 Communication: Ele08092311901 0
2200010000ktor EIM                                                                                                           1 0
2300010000                                     ElektorCOM                                                                    0 1
31000100012023-00249           004020001001ElektorCOM                                                                        1 0
32000100016114 ZG SUSTEREN                                                                                                   0 0
8119BE95645100416758                  EUR0000000026611700080923                                                                0
9               000007000000000061860000000000000000                                                                           1
0000011092364505                  ZANDD ENTERPRISES BV      JVBABE22   00712627128 00000                                       2
12120BE95645100416758                  EUR0000000026611700080923ZANDD ENTERPRISES BV      Zichtrekening professioneel        120
21000100002023-00250           1000000000114350110923001010000F2023/7262                                           11092312001 0
2200010000                                                                                        RABONL2U                   1 0
2300010000NL59RABO0166907960                   The Waterpurifier                                                             0 1
31000100012023-00250           001010001001The Waterpurifier                                                                 1 0
3200010001Genebroekstraat 82                 B--3581 Beverlo                                                                 0 0
8120BE95645100416758                  EUR0000000026497350110923                                                                0
9               000007000000000114350000000000000000                                                                           1
0000012092364505                  ZANDD ENTERPRISES BV      JVBABE22   00712627128 00000                                       2
12121BE95645100416758                  EUR0000000026497350110923ZANDD ENTERPRISES BV      Zichtrekening professioneel        121
21000100002023-00251           10000000000982501209230050100001029288725177 PAYPAL                                 12092312101 0
2200010000                                                     1029288725177                      PPLXLUL2                   1 0
2300010000LU89751000135104200E                 PayPal Europe S.a.r.l. et Cie S.C.A                                           0 1
31000100012023-00251           005010001001PayPal Europe S.a.r.l. et Cie S.C.A                                               0 0
8121BE95645100416758                  EUR0000000026399100120923                                                                0
9               000006000000000098250000000000000000                                                                           1
0000013092364505                  ZANDD ENTERPRISES BV      JVBABE22   00712627128 00000                                       2
12122BE95645100416758                  EUR0000000026399100120923ZANDD ENTERPRISES BV      Zichtrekening professioneel        122
21000100002023-00252           1000000000056070130923004020000670364XXXXXXX2003 13/09/2023 18:23 Communication: Ele13092312201 0
2200010000ktor EIM                                                                                                           1 0
2300010000                                     ElektorCOM                                                                    0 1
31000100012023-00252           004020001001ElektorCOM                                                                        1 0
32000100016114 ZG SUSTEREN                                                                                                   0 0
8122BE95645100416758                  EUR0000000026343030130923                                                                0
9               000007000000000056070000000000000000                                                                           1
0000017092364505                  ZANDD ENTERPRISES BV      JVBABE22   00712627128 00000                                       2
12123BE95645100416758                  EUR0000000026343030130923ZANDD ENTERPRISES BV      Zichtrekening professioneel        123
21000100002023-00253           1000000000330330170923001010000Factuurnummer: 222213                                17092312301 0
2200010000                                                                                        BBRUBEBB                   1 0
2300010000BE86335013434950                     Peumans Bvba                                                                  0 1
31000100012023-00253           001010001001Peumans Bvba                                                                      0 0
21000200002023-00254           1000000000330330170923001010000Factuurnummer: 222056                                17092312301 0
2200020000                                                                                        BBRUBEBB                   1 0
2300020000BE86335013434950                     Peumans Bvba                                                                  0 1
31000200012023-00254           001010001001Peumans Bvba                                                                      0 0
21000300002023-00255           1000000000874190170923001010001101523012877635                                      17092312301 0
2200030000                                                                                        KREDBEBB                   1 0
2300030000BE56435410980188                     Liantis sociaal secretariaat vzw                                              0 1
31000300012023-00255           001010001001Liantis sociaal secretariaat vzw                                                  1 0
3200030001Willebroekkaai 37                  1000 Brussel                                                                    0 0
21000400002023-00256           1000000000017650170923001010000                                                     17092312301 0
2200040000                                                                                        KREDBEBB                   1 0
2300040000BE34737048659990                     FEDEX Express BE BV                                                           0 1
31000400012023-00256           001010001001FEDEX Express BE BV                                                               0 0
8123BE95645100416758                  EUR0000000024790530170923                                                                0
9               000019000000001552500000000000000000                                                                           1
0000018092364505                  ZANDD ENTERPRISES BV      JVBABE22   00712627128 00000                                       2
12124BE95645100416758                  EUR0000000024790530170923ZANDD ENTERPRISES BV      Zichtrekening professioneel        124
21000100002023-00257           10000000002637801809230050100003477-2023-804INV                                     18092312401 0
2200010000                                                     195393-501X74-TMSBEL               INGBNL2A                   1 0
2300010000NL92INGB0006087442                   IWG Belgium BV                                                                0 1
31000100012023-00257           005010001001IWG Belgium BV                                                                    1 0
3200010001Louizalaan 65 bus 11               1050 Brussel BE                                                                 0 0
21000200002023-00258           10000000000490001809230050100001029412117756 PAYPAL                                 18092312401 0
2200020000                                                     1029412117756                      PPLXLUL2                   1 0
2300020000LU89751000135104200E                 PayPal Europe S.a.r.l. et Cie S.C.A                                           0 1
31000200012023-00258           005010001001PayPal Europe S.a.r.l. et Cie S.C.A                                               0 0
8124BE95645100416758                  EUR0000000024477750180923                                                                0
9               000011000000000312780000000000000000                                                                           1
0000019092364505                  ZANDD ENTERPRISES BV      JVBABE22   00712627128 00000                                       2
12125BE95645100416758                  EUR0000000024477750180923ZANDD ENTERPRISES BV      Zichtrekening professioneel        125
21000100002023-00259           1000000000047080190923004020000670364XXXXXXX2003 19/09/2023 16:05                   19092312501 0
2200010000                                                                                                                   1 0
2300010000                                     DISCOUNTOFFICE                                                                0 1
31000100012023-00259           004020001001DISCOUNTOFFICE                                                                    1 0
32000100011731 Asse                                                                                                          0 0
8125BE95645100416758                  EUR0000000024430670190923                                                                0
9               000007000000000047080000000000000000                                                                           1
0000021092364505                  ZANDD ENTERPRISES BV      JVBABE22   00712627128 00000                                       2
12126BE95645100416758                  EUR0000000024430670190923ZANDD ENTERPRISES BV      Zichtrekening professioneel        126
21000100002023-00260           10000000000954002109230050100001029506354780 PAYPAL                                 21092312601 0
2200010000                                                     1029506354780                      PPLXLUL2                   1 0
2300010000LU89751000135104200E                 PayPal Europe S.a.r.l. et Cie S.C.A                                           0 1
31000100012023-00260           005010001001PayPal Europe S.a.r.l. et Cie S.C.A                                               0 0
8126BE95645100416758                  EUR0000000024335270210923                                                                0
9               000006000000000095400000000000000000                                                                           1
0000026092364505                  ZANDD ENTERPRISES BV      JVBABE22   00712627128 00000                                       2
12127BE95645100416758                  EUR0000000024335270210923ZANDD ENTERPRISES BV      Zichtrekening professioneel        127
21000100002023-00261           1000000000144950260923004020000670364XXXXXXX2003 26/09/2023 11:20                   26092312701 0
2200010000                                                                                                                   1 0
2300010000                                     Bol.com                                                                       0 1
31000100012023-00261           004020001001Bol.com                                                                           1 0
32000100013528 BJ UTRECHT                                                                                                    0 0
8127BE95645100416758                  EUR0000000024190320260923                                                                0
9               000007000000000144950000000000000000                                                                           1
0000027092364505                  ZANDD ENTERPRISES BV      JVBABE22   00712627128 00000                                       2
12128BE95645100416758                  EUR0000000024190320260923ZANDD ENTERPRISES BV      Zichtrekening professioneel        128
21000100002023-00262           1000000001019800270923005010000SI23/235645                                          27092312801 0
2200010000                                                     SDD-888719-10070044                GEBABEBB                   1 0
2300010000BE42001839300054                     VOLVO                                                                         0 1
31000100012023-00262           005010001001VOLVO                                                                             0 0
21000200002023-00263           1000000000068000270923004020000670364XXXXXXX2003 27/09/2023 14:13                   27092312801 0
2200020000                                                                                                                   1 0
2300020000                                     WORLDPAY BV                                                                   0 1
31000200012023-00263           004020001001WORLDPAY BV                                                                       1 0
32000200011082 MD AMSTERDAM                                                                                                  0 0
8128BE95645100416758                  EUR0000000023102520270923                                                                0
9               000011000000001087800000000000000000                                                                           1
0000028092364505                  ZANDD ENTERPRISES BV      JVBABE22   00712627128 00000                                       2
12129BE95645100416758                  EUR0000000023102520270923ZANDD ENTERPRISES BV      Zichtrekening professioneel        129
21000100002023-00264           10000000000425002809230050100001029625885646 PAYPAL                                 28092312901 0
2200010000                                                     1029625885646                      PPLXLUL2                   1 0
2300010000LU89751000135104200E                 PayPal Europe S.a.r.l. et Cie S.C.A                                           0 1
31000100012023-00264           005010001001PayPal Europe S.a.r.l. et Cie S.C.A                                               0 0
8129BE95645100416758                  EUR0000000023060020280923                                                                0
9               000006000000000042500000000000000000                                                                           1
0000029092364505                  ZANDD ENTERPRISES BV      JVBABE22   00712627128 00000                                       2
12130BE95645100416758                  EUR0000000023060020280923ZANDD ENTERPRISES BV      Zichtrekening professioneel        130
21000100002023-00265           1000000001800000290923001030000HUUR BRUSSELSESTWG 614 OVERIJSE   OLISLAEGERS VASTGOE29092313001 0
2200010000D NV                                                                                    KREDBEBB                   1 0
2300010000BE35737056463137                     OLISLAEGERS VASTGOED NV                                                       0 1
31000100012023-00265           001030001001OLISLAEGERS VASTGOED NV                                                           0 0
21000200002023-00266           0000000012356520290923001500000INV.NR.20230831.076.DSAK                             29092313001 0
2200020000                                                     00004831/104 2023-09-29            BBRUBEBB           SUPP    1 0
2300020000BE22320006273647                     CRONOS INTERNATIONAL                                                          0 1
31000200012023-00266           001500001001CRONOS INTERNATIONAL                                                              1 0
3200020001RUE PAFEBRUCH 89                   CAPELLEN         8308                                                           0 0
8130BE95645100416758                  EUR0000000033616540290923                                                                0
9               000011000000001800000000000012356520                                                                           2
