0000001042364505                  ZANDD ENTERPRISES BV      JVBABE22   00712627128 00000                                       2
12045BE95645100416758                  EUR0000000037306490310323ZANDD ENTERPRISES BV      Zichtrekening professioneel        045
21000100002023-00102           1000000000195600010423004020000670364XXXXXXX2003 01/04/2023 12:43 Communication: DNR01042304501 0
2200010000: MQFSPHB                                                                                                          1 0
2300010000                                     NS                                                                            0 1
31000100012023-00102           004020001001NS                                                                                1 0
32000100011012 AB Amsterdam                                                                                                  0 0
21000200002023-00103           1000000000019280010423004020000670364XXXXXXX2003 01/04/2023 10:47 Communication: 59O01042304501 0
2200020000LHXP WWW.AMAZON.COM.BE                                                                                             1 0
2300020000                                     AMZN MKTP BE                                                                  0 1
31000200012023-00103           004020001001AMZN MKTP BE                                                                      1 0
32000200011855 Luxembourg                                                                                                    0 0
8045BE95645100416758                  EUR0000000037091610010423                                                                0
9               000012000000000214880000000000000000                                                                           1
0000002042364505                  ZANDD ENTERPRISES BV      JVBABE22   00712627128 00000                                       2
12046BE95645100416758                  EUR0000000037091610010423ZANDD ENTERPRISES BV      Zichtrekening professioneel        046
21000100002023-00104           1000000002282910020423001010001101500632442396                                      02042304601 0
2200010000                                                                                        KREDBEBB                   1 0
2300010000BE31410000071155                     VOLVO CAR INSURANCE                                                           0 1
31000100012023-00104           001010001001VOLVO CAR INSURANCE                                                               0 0
21000200002023-00105           1000000000255600020423001010001101580330036074                                      02042304601 0
2200020000                                                                                        GKCCBEBB                   1 0
2300020000BE41091018845210                     Hulpverleningszone Oost VL-Br.                                                0 1
31000200012023-00105           001010001001Hulpverleningszone Oost VL-Br.                                                    1 0
3200020001Spoorwegstraat 6                   3020 HERENT                                                                     0 0
21000300002023-00106           1000000000874190020423001010001101419169760031                                      02042304601 0
2200030000                                                                                        KREDBEBB                   1 0
2300030000BE56435410980188                     Liantis sociaal secretariaat vzw                                              0 1
31000300012023-00106           001010001001Liantis sociaal secretariaat vzw                                                  1 0
3200030001Willebroekkaai 37                  1000 Brussel                                                                    0 0
21000400002023-00107           1000000000050000020423001010001101201411124039                                      02042304601 0
2200040000                                                                                        PCHQBEBB                   1 0
2300040000BE42679200000054                     KMO Brussel I                                                                 0 1
31000400012023-00107           001010001001KMO Brussel I                                                                     1 0
3200040001Kruidtuinlaan 50, Bus 3402         1000, Brussel                                                                   0 0
8046BE95645100416758                  EUR0000000033628910020423                                                                0
9               000021000000003462700000000000000000                                                                           2
