0000002122364505                  ZANDD ENTERPRISES BV      JVBABE22   00712627128 00000                                       2
12156BE95645100416758                  EUR0000000017735630301123ZANDD ENTERPRISES BV      Zichtrekening professioneel        156
21000100002023-00316           1000000001400000021223001010000Voorschot Autersrechten 10-2023                      02122315601 0
2200010000                                                                                        JVBABE22                   1 0
2300010000BE17645105243621                     Z.-D. Takacs-Kha                                                              0 1
31000100012023-00316           001010001001Z.-D. Takacs-Kha                                                                  1 0
3200010001LOUIZALAAN 341 341/5D              1050 Brussel (Elsene)                                                           0 0
21000200002023-00317           1000000003554910021223001010000Loon 10 - 2023                                       02122315601 0
2200020000                                                                                        JVBABE22                   1 0
2300020000BE17645105243621                     Z.-D. Takacs-Kha                                                              0 1
31000200012023-00317           001010001001Z.-D. Takacs-Kha                                                                  0 0
21000300002023-00318           1000000000200000021223001010000Kerst Premie                                         02122315601 0
2200030000                                                                                        JVBABE22                   1 0
2300030000BE17645105243621                     Z.-D. Takacs-Kha                                                              0 1
31000300012023-00318           001010001001Z.-D. Takacs-Kha                                                                  1 0
3200030001Brusselsesteenweg 614              3090 Overijse                                                                   0 0
21000400002023-00319           1000000000220050021223001010000Loon 10- 2023                                        02122315601 0
2200040000                                                                                        KREDBEBB                   1 0
2300040000BE79734071733933                     Zsuzsanna takacs                                                              0 1
31000400012023-00319           001010001001Zsuzsanna takacs                                                                  1 0
3200040001Brusselsesteenweg 614              3090                                                                            0 0
21000500002023-00320           1000000000200000021223001010000Kerst Premie 40 + 160                                02122315601 0
2200050000                                                                                        KREDBEBB                   1 0
2300050000BE79734071733933                     Zsuzsanna takacs                                                              0 1
31000500012023-00320           001010001001Zsuzsanna takacs                                                                  1 0
3200050001Brusselsesteenweg 614              3090                                                                            0 0
21000600002023-00321           1000000000142940021223001010000F2023/10145                                          02122315601 0
2200060000                                                                                        RABONL2U                   1 0
2300060000NL59RABO0166907960                   The Waterpurifier                                                             0 1
31000600012023-00321           001010001001The Waterpurifier                                                                 1 0
3200060001Genebroekstraat 82                 B--3581 Beverlo                                                                 0 0
21000700002023-00322           1000000000894770021223001010001101005341245079                                      02122315601 0
2200070000                                                                                        GEBABEBB                   1 0
2300070000BE50001815676918                     Eneco Belgium nv                                                              0 1
31000700012023-00322           001010001001Eneco Belgium nv                                                                  1 0
3200070001Battelsesteenweg 455i              2800 Mechelen                                                                   0 0
21000800002023-00323           1000000000344230021223001010001101035476255590                                      02122315601 0
2200080000                                                                                        GEBABEBB                   1 0
2300080000BE22210005809847                     Sodexo Pass Belgium sa/nv                                                     0 1
31000800012023-00323           001010001001Sodexo Pass Belgium sa/nv                                                         1 0
3200080001Pleinlaan 15                       1050 Brussel                                                                    0 0
8156BE95645100416758                  EUR0000000010778730021223                                                                0
9               000041000000006956900000000000000000                                                                           1
0000003122364505                  ZANDD ENTERPRISES BV      JVBABE22   00712627128 00000                                       2
12157BE95645100416758                  EUR0000000010778730021223ZANDD ENTERPRISES BV      Zichtrekening professioneel        157
21000100002023-00324           0000000000320000031223001500000Terug storting opname revolut en nationale loterij   03122315701 0
2200010000                                                                                        JVBABE22                   1 0
2300010000BE17645105243621                     Takacs-Kha Z.-D.                                                              0 1
31000100012023-00324           001500001001Takacs-Kha Z.-D.                                                                  1 0
3200010001Brusselsesteenweg 614              3090 Overijse                                                                   0 0
8157BE95645100416758                  EUR0000000011098730031223                                                                0
9               000007000000000000000000000000320000                                                                           1
0000005122364505                  ZANDD ENTERPRISES BV      JVBABE22   00712627128 00000                                       2
12158BE95645100416758                  EUR0000000011098730031223ZANDD ENTERPRISES BV      Zichtrekening professioneel        158
21000100002023-00325           1000000000500000051223011010000Aank. 2,9035 UNIVERSAL INVEST HIG aan 172,2049 EUR   05122315801 0
2200010000Effectenrekening 329862 borderel 751651              680101                                                        0 0
8158BE95645100416758                  EUR0000000010598730051223                                                                0
9               000004000000000500000000000000000000                                                                           2
