0000001102364505                  ZANDD ENTERPRISES BV      JVBABE22   00712627128 00000                                       2
12131BE95645100416758                  EUR0000000033616540290923ZANDD ENTERPRISES BV      Zichtrekening professioneel        131
21000100002023-00267           1000000000205390011023004020000670364XXXXXXX2003 01/10/2023 21:57 Communication: De 01102313101 0
2200010000Notenshop - Buckaroo                                                                                               1 0
2300010000                                     De Notenshop BV                                                               0 1
31000100012023-00267           004020001001De Notenshop BV                                                                   1 0
32000100013291 CR Strijen                                                                                                    0 0
21000200002023-00268           1000000002437440011023001010001101323898305485                                      01102313101 0
2200020000                                                                                        BBRUBEBB                   1 0
2300020000BE17310001380621                     Partena svz                                                                   0 1
31000200012023-00268           001010001001Partena svz                                                                       1 0
3200020001Kartuizerstraat 45                 1000 Brussel                                                                    0 0
8131BE95645100416758                  EUR0000000030973710011023                                                                0
9               000012000000002642830000000000000000                                                                           1
0000002102364505                  ZANDD ENTERPRISES BV      JVBABE22   00712627128 00000                                       2
12132BE95645100416758                  EUR0000000030973710011023ZANDD ENTERPRISES BV      Zichtrekening professioneel        132
21000100002023-00269           1000000000114350021023001010000F2023/8185                                           02102313201 0
2200010000                                                                                        RABONL2U                   1 0
2300010000NL59RABO0166907960                   The Waterpurifier                                                             0 1
31000100012023-00269           001010001001The Waterpurifier                                                                 1 0
3200010001Genebroekstraat 82                 B--3581 Beverlo                                                                 0 0
21000200002023-00270           1000000000113310021023004020000670364XXXXXXX2003 01/10/2023 23:07 Communication: +++02102313201 0
2200020000230/9540/53624+++                                                                                                  1 0
2300020000                                     Doccle -Helan Onafh ZF                                                        0 1
31000200012023-00270           004020001001Doccle -Helan Onafh ZF                                                            1 0
32000200012610 Wilrijk                                                                                                       0 0
8132BE95645100416758                  EUR0000000030746050021023                                                                0
9               000012000000000227660000000000000000                                                                           1
0000003102364505                  ZANDD ENTERPRISES BV      JVBABE22   00712627128 00000                                       2
12133BE95645100416758                  EUR0000000030746050021023ZANDD ENTERPRISES BV      Zichtrekening professioneel        133
21000100002023-00271           1000000001400000031023001010000Voorschot Autersrechten  08-2023                     03102313301 0
2200010000                                                                                        JVBABE22                   1 0
2300010000BE17645105243621                     Z.-D. Takacs-Kha                                                              0 1
31000100012023-00271           001010001001Z.-D. Takacs-Kha                                                                  1 0
3200010001LOUIZALAAN 341 341/5D              1050 Brussel (Elsene)                                                           0 0
21000200002023-00272           1000000003554910031023001010000Loon 08 - 2023                                       03102313301 0
2200020000                                                                                        JVBABE22                   1 0
2300020000BE17645105243621                     Z.-D. Takacs-Kha                                                              0 1
31000200012023-00272           001010001001Z.-D. Takacs-Kha                                                                  0 0
21000300002023-00273           1000000000350410031023001010001101035370825482                                      03102313301 0
2200030000                                                                                        GEBABEBB                   1 0
2300030000BE22210005809847                     Sodexo Pass Belgium sa/nv                                                     0 1
31000300012023-00273           001010001001Sodexo Pass Belgium sa/nv                                                         1 0
3200030001Pleinlaan 15                       1050 Brussel                                                                    0 0
21000400002023-00274           1000000000220050031023001010000Loon 08 - 2023                                       03102313301 0
2200040000                                                                                        KREDBEBB                   1 0
2300040000BE79734071733933                     Zsuzsanna takacs                                                              0 1
31000400012023-00274           001010001001Zsuzsanna takacs                                                                  1 0
3200040001Brusselsesteenweg 614              3090                                                                            0 0
21000500002023-00275           1000000003033330031023001010001101201511660495                                      03102313301 0
2200050000                                                                                        PCHQBEBB                   1 0
2300050000BE42679200000054                     KMO Brussel I                                                                 0 1
31000500012023-00275           001010001001KMO Brussel I                                                                     1 0
3200050001Kruidtuinlaan 50, Bus 3402         1000, Brussel                                                                   0 0
8133BE95645100416758                  EUR0000000022187350031023                                                                0
9               000026000000008558700000000000000000                                                                           1
0000004102364505                  ZANDD ENTERPRISES BV      JVBABE22   00712627128 00000                                       2
12134BE95645100416758                  EUR0000000022187350031023ZANDD ENTERPRISES BV      Zichtrekening professioneel        134
21000100002023-00276           1000000000499980041023011010000Aank. 2,9996 UNIVERSAL INVEST HIG aan 166,6833 EUR   04102313401 0
2200010000Effectenrekening 329862 borderel 624650              655365                                                        0 0
8134BE95645100416758                  EUR0000000021687370041023                                                                0
9               000004000000000499980000000000000000                                                                           1
0000005102364505                  ZANDD ENTERPRISES BV      JVBABE22   00712627128 00000                                       2
12135BE95645100416758                  EUR0000000021687370041023ZANDD ENTERPRISES BV      Zichtrekening professioneel        135
21000100002023-00277           1000000001466520051023001010000EXP.31072023.007.DSAK                                05102313501 0
2200010000                                                                                        JVBABE22                   1 0
2300010000BE17645105243621                     Z.-D. Takacs-Kha                                                              0 1
31000100012023-00277           001010001001Z.-D. Takacs-Kha                                                                  1 0
3200010001Brusselsesteenweg 614              3090 Overijse                                                                   0 0
21000200002023-00278           1000000000848220051023001010000EXP.30092023.009.DSAK                                05102313501 0
2200020000                                                                                        JVBABE22                   1 0
2300020000BE17645105243621                     Z.-D. Takacs-Kha                                                              0 1
31000200012023-00278           001010001001Z.-D. Takacs-Kha                                                                  1 0
3200020001Brusselsesteenweg 614              3090 Overijse                                                                   0 0
21000300002023-00279           1000000002799430051023001010000EXP.31082023.008.DSAK                                05102313501 0
2200030000                                                                                        JVBABE22                   1 0
2300030000BE17645105243621                     Z.-D. Takacs-Kha                                                              0 1
31000300012023-00279           001010001001Z.-D. Takacs-Kha                                                                  1 0
3200030001Brusselsesteenweg 614              3090 Overijse                                                                   0 0
8135BE95645100416758                  EUR0000000016573200051023                                                                0
9               000017000000005114170000000000000000                                                                           2
