0000001072364505                  ZANDD ENTERPRISES BV      JVBABE22   00712627128 00000                                       2
12090BE95645100416758                  EUR0000000021771640300623ZANDD ENTERPRISES BV      Zichtrekening professioneel        090
21000100002023-00202           1000000002299480010723001010001101323886267078                                      01072309001 0
2200010000                                                                                        BBRUBEBB                   1 0
2300010000BE17310001380621                     Partena svz                                                                   0 1
31000100012023-00202           001010001001Partena svz                                                                       1 0
3200010001Kartuizerstraat 45                 1000 Brussel                                                                    0 0
21000200002023-00203           1000000002889580010723001010000EXP.30062023.007.DSAK                                01072309001 0
2200020000                                                                                        JVBABE22                   1 0
2300020000BE17645105243621                     Z.-D. Takacs-Kha                                                              0 1
31000200012023-00203           001010001001Z.-D. Takacs-Kha                                                                  1 0
3200020001LOUIZALAAN 341 341/5D              1050 Brussel (Elsene)                                                           0 0
8090BE95645100416758                  EUR0000000016582580010723                                                                0
9               000012000000005189060000000000000000                                                                           2
