0000002072464505                  ZANDD ENTERPRISES BV      JVBABE22   00712627128 00000                                       2
12074BE95645100416758                  EUR0000000026410190280624ZANDD ENTERPRISES BV      Zichtrekening professioneel        074
21000100002024-00142           1000000000025000020724005010000D01-9720698-5058245                                  02072407401 0
2200010000                                                     STR16NAQOQS2WPLJ81TAQRANCSEARVY8VK CITIIE2X                   1 0
2300010000IE30CITI99005132956548               Amazon EU S.a r.l.                                                            0 1
31000100012024-00142           005010001001Amazon EU S.a r.l.                                                                0 0
21000200002024-00143           1000000000220050020724001010000Loon 06- 2024                                        02072407401 0
2200020000                                                                                        KREDBEBB                   1 0
2300020000BE79734071733933                     Zsuzsanna takacs                                                              0 1
31000200012024-00143           001010001001Zsuzsanna takacs                                                                  1 0
3200020001Brusselsesteenweg 614              3090                                                                            0 0
21000300002024-00144           1000000003554910020724001010000Loon 06- 2024                                        02072407401 0
2200030000                                                                                        KEYTBEBB                   1 0
2300030000BE94651219346914                     Daniel SA Khan KT                                                             0 1
31000300012024-00144           001010001001Daniel SA Khan KT                                                                 0 0
21000400002024-00145           1000000000350620020724001010001101035896030669                                      02072407401 0
2200040000                                                                                        GEBABEBB                   1 0
2300040000BE22210005809847                     Sodexo Pass Belgium sa/nv                                                     0 1
31000400012024-00145           001010001001Sodexo Pass Belgium sa/nv                                                         1 0
3200040001Pleinlaan 15                       1050 Brussel                                                                    0 0
8074BE95645100416758                  EUR0000000022259610020724                                                                0
9               000020000000004150580000000000000000                                                                           1
0000003072464505                  ZANDD ENTERPRISES BV      JVBABE22   00712627128 00000                                       2
12075BE95645100416758                  EUR0000000022259610020724ZANDD ENTERPRISES BV      Zichtrekening professioneel        075
21000100002024-00146           1000000000499980030724011010000Aank. 2,5688 UNIVERSAL INVEST HIG aan 194,6364 EUR   03072407501 0
2200010000Effectenrekening 329862 borderel 506273              771275                                                        0 0
8075BE95645100416758                  EUR0000000021759630030724                                                                0
9               000004000000000499980000000000000000                                                                           1
0000005072464505                  ZANDD ENTERPRISES BV      JVBABE22   00712627128 00000                                       2
12076BE95645100416758                  EUR0000000021759630030724ZANDD ENTERPRISES BV      Zichtrekening professioneel        076
21000100002024-00147           1000000000248970050724001010001101245184981319                                      05072407601 0
2200010000                                                                                        BBRUBEBB                   1 0
2300010000BE02375111099940                     Vlaamse Belastingdienst                                                       0 1
31000100012024-00147           001010001001Vlaamse Belastingdienst                                                           1 0
3200010001Vaartstraat16                      9300 Aalst                                                                      0 0
21000200002024-00148           1000000000127000050724001010001101699000697354                                      05072407601 0
2200020000                                                                                        GKCCBEBB                   1 0
2300020000BE34091022432590                     INTERRAND                                                                     0 1
31000200012024-00148           001010001001INTERRAND                                                                         0 0
21000300002024-00149           1000000000123360050724001010001101240660862620                                      05072407601 0
2200030000                                                                                        KREDBEBB                   1 0
2300030000BE71448764648169                     HELAN                                                                         0 1
31000300012024-00149           001010001001HELAN                                                                             1 0
3200030001sluisweg 2 bus 1                   9000 Gent                                                                       0 0
21000400002024-00150           1000000000083490050724001010001101052400571979                                      05072407601 0
2200040000                                                                                        GEBABEBB                   1 0
2300040000BE05001743272175                     INTEROFFICES BV                                                               0 1
31000400012024-00150           001010001001INTEROFFICES BV                                                                   1 0
3200040001Kunstlaan, 56                      1000 Brussel                                                                    0 0
21000500002024-00151           1000000000398090050724001010000Factuur 20240281                                     05072407601 0
2200050000                                                                                        KREDBEBB                   1 0
2300050000BE29736035395364                     Livingreen Co BV                                                              0 1
31000500012024-00151           001010001001Livingreen Co BV                                                                  0 0
21000600002024-00152           1000000000079930050724001010001101200570917820                                      05072407601 0
2200060000                                                                                        BBRUBEBB                   1 0
2300060000BE18363225740965                     EDPNET Belgium BV                                                             0 1
31000600012024-00152           001010001001EDPNET Belgium BV                                                                 0 0
21000700002024-00153           1000000000241920050724001010001101240716118668                                      05072407601 0
2200070000                                                                                        KREDBEBB                   1 0
2300070000BE71448764648169                     HELAN                                                                         0 1
31000700012024-00153           001010001001HELAN                                                                             1 0
3200070001sluisweg 2 bus 1                   9000 Gent                                                                       0 0
21000800002024-00154           1000000000079800050724001010001101200574413759                                      05072407601 0
2200080000                                                                                        BBRUBEBB                   1 0
2300080000BE18363225740965                     EDPNET Belgium BV                                                             0 1
31000800012024-00154           001010001001EDPNET Belgium BV                                                                 0 0
21000900002024-00155           1000000000006420050724001010000E0400SK12V                                           05072407601 0
2200090000                                                                                        CITIGB2L                   1 0
2300090000GB31CITI18500812207591               MICROSOFT IRELAND OPERATIONS LIMITE                                           0 1
31000900012024-00155           001010001001MICROSOFT IRELAND OPERATIONS LIMITED                                              1 0
3200090001One Microsoft place                south county business park, leopard                                             0 0
21001000002024-00156           1000000000070000050724001010001101712627173387                                      05072407601 0
2200100000                                                                                        PCHQBEBB                   1 0
2300100000BE85679200363806                     Team Inning Bedrijfsvoorheffing Mec                                           0 1
31001000012024-00156           001010001001Team Inning Bedrijfsvoorheffing Mechelen                                          0 0
21001100002024-00157           1000000000047900050724001010001101202007025250                                      05072407601 0
2200110000                                                                                        PCHQBEBB                   1 0
2300110000BE42679200000054                     KMO Brussel I                                                                 0 1
31001100012024-00157           001010001001KMO Brussel I                                                                     1 0
3200110001Kruidtuinlaan 50, Bus 3402         1000, Brussel                                                                   0 0
21001200002024-00158           1000000000118000050724001010001101243413728680                                      05072407601 0
2200120000                                                                                        GKCCBEBB                   1 0
2300120000BE80777591050277                     Provincie Antwerpen                                                           0 1
31001200012024-00158           001010001001Provincie Antwerpen                                                               1 0
3200120001Koningin Elisabethlei 22           2018 Antwerpen                                                                  0 0
21001300002024-00159           1000000000242000050724001010001101432744940545                                      05072407601 0
2200130000                                                                                        BBRUBEBB                   1 0
2300130000BE86335013434950                     Peumans Bvba                                                                  0 1
31001300012024-00159           001010001001Peumans Bvba                                                                      0 0
21001400002024-00160           1000000003415770050724001010001101324978539723                                      05072407601 0
2200140000                                                                                        BBRUBEBB                   1 0
2300140000BE17310001380621                     Partena svz                                                                   0 1
31001400012024-00160           001010001001Partena svz                                                                       1 0
3200140001Kartuizerstraat 45                 1000 Brussel                                                                    0 0
21001500002024-00161           1000000001828790050724001010001101324975389445                                      05072407601 0
2200150000                                                                                        BBRUBEBB                   1 0
2300150000BE17310001380621                     Partena svz                                                                   0 1
31001500012024-00161           001010001001Partena svz                                                                       1 0
3200150001Kartuizerstraat 45                 1000 Brussel                                                                    0 0
8076BE95645100416758                  EUR0000000014648190050724                                                                0
9               000071000000007111440000000000000000                                                                           2
