0000002012464505                  ZANDD ENTERPRISES BV      JVBABE22   00712627128 00000                                       2
12001BE95645100416758                  EUR0000000007174600301223ZANDD ENTERPRISES BV      Zichtrekening professioneel        001
21000100002024-00001           1000000000024990020124004020000670364XXXXXXX2003 02/01/2024 01:13 Communication: Gan02012400101 0
2200010000di order 113368015                                                                                                 1 0
2300010000                                     GANDI                                                                         0 1
31000100012024-00001           004020001001GANDI                                                                             1 0
32000100018070 BERTRANGE                                                                                                     0 0
8001BE95645100416758                  EUR0000000007149610020124                                                                0
9               000007000000000024990000000000000000                                                                           2
