0000001042464505                  ZANDD ENTERPRISES BV      JVBABE22   00712627128 00000                                       2
12037BE95645100416758                  EUR0000000018549370280324ZANDD ENTERPRISES BV      Zichtrekening professioneel        037
21000100002024-00062           1000000000220050010424001010000Loon 03- 2024                                        01042403701 0
2200010000                                                                                        KREDBEBB                   1 0
2300010000BE79734071733933                     Zsuzsanna takacs                                                              0 1
31000100012024-00062           001010001001Zsuzsanna takacs                                                                  1 0
3200010001Brusselsesteenweg 614              3090                                                                            0 0
21000200002024-00063           1000000000144370010424001010000 F2024/2303                                          01042403701 0
2200020000                                                                                        RABONL2U                   1 0
2300020000NL59RABO0166907960                   The Waterpurifier                                                             0 1
31000200012024-00063           001010001001The Waterpurifier                                                                 1 0
3200020001Genebroekstraat 82                 B--3581 Beverlo                                                                 0 0
21000300002024-00064           1000000003554910010424001010000Loon 03- 2024                                        01042403701 0
2200030000                                                                                        KEYTBEBB                   1 0
2300030000BE94651219346914                     Daniel SA Khan KT                                                             0 1
31000300012024-00064           001010001001Daniel SA Khan KT                                                                 0 0
21000400002024-00065           1000000000351880010424001010001101035725412319                                      01042403701 0
2200040000                                                                                        GEBABEBB                   1 0
2300040000BE22210005809847                     Sodexo Pass Belgium sa/nv                                                     0 1
31000400012024-00065           001010001001Sodexo Pass Belgium sa/nv                                                         1 0
3200040001Pleinlaan 15                       1050 Brussel                                                                    0 0
8037BE95645100416758                  EUR0000000014278160010424                                                                0
9               000021000000004271210000000000000000                                                                           1
0000002042464505                  ZANDD ENTERPRISES BV      JVBABE22   00712627128 00000                                       2
12038BE95645100416758                  EUR0000000014278160010424ZANDD ENTERPRISES BV      Zichtrekening professioneel        038
21000100002024-00066           1000000000340240020424001010000Factuurnummer: 222577                                02042403801 0
2200010000                                                                                        BBRUBEBB                   1 0
2300010000BE86335013434950                     Peumans Bvba                                                                  0 1
31000100012024-00066           001010001001Peumans Bvba                                                                      0 0
21000200002024-00067           1000000000340240020424001010000Factuurnummer: 222577                                02042403801 0
2200020000                                                                                        BBRUBEBB                   1 0
2300020000BE86335013434950                     Peumans Bvba                                                                  0 1
31000200012024-00067           001010001001Peumans Bvba                                                                      0 0
21000300002024-00068           1000000000340240020424001010000Factuurnummer: 222577                                02042403801 0
2200030000                                                                                        BBRUBEBB                   1 0
2300030000BE86335013434950                     Peumans Bvba                                                                  0 1
31000300012024-00068           001010001001Peumans Bvba                                                                      0 0
21000400002024-00069           1000000002773780020424001010000REGUS ADAM                                           02042403801 0
2200040000                                                                                        JVBABE22                   1 0
2300040000BE17645105243621                     Z.-D. Takacs-Kha                                                              0 1
31000400012024-00069           001010001001Z.-D. Takacs-Kha                                                                  1 0
3200040001Brusselsesteenweg 614              3090 Overijse                                                                   0 0
8038BE95645100416758                  EUR0000000010483660020424                                                                0
9               000019000000003794500000000000000000                                                                           1
0000004042464505                  ZANDD ENTERPRISES BV      JVBABE22   00712627128 00000                                       2
12039BE95645100416758                  EUR0000000010483660020424ZANDD ENTERPRISES BV      Zichtrekening professioneel        039
21000100002024-00070           1000000000499980040424011010000Aank. 2,6366 UNIVERSAL INVEST HI aan 189,63245 EUR   04042403901 0
2200010000Effectenrekening 329862 borderel 236952              731454                                                        0 0
8039BE95645100416758                  EUR0000000009983680040424                                                                0
9               000004000000000499980000000000000000                                                                           1
0000006042464505                  ZANDD ENTERPRISES BV      JVBABE22   00712627128 00000                                       2
12040BE95645100416758                  EUR0000000009983680040424ZANDD ENTERPRISES BV      Zichtrekening professioneel        040
21000100002024-00071           1000000000250000060424001010000                                                     06042404001 0
2200010000                                                                                        JVBABE22                   1 0
2300010000BE17645105243621                     Z.-D. Takacs-Kha                                                              0 1
31000100012024-00071           001010001001Z.-D. Takacs-Kha                                                                  1 0
3200010001Brusselsesteenweg 614              3090 Overijse                                                                   0 0
8040BE95645100416758                  EUR0000000009733680060424                                                                0
9               000007000000000250000000000000000000                                                                           1
0000007042464505                  ZANDD ENTERPRISES BV      JVBABE22   00712627128 00000                                       2
12041BE95645100416758                  EUR0000000009733680060424ZANDD ENTERPRISES BV      Zichtrekening professioneel        041
21000100002024-00072           1000000003488910070424001010000EXP.31012024.001.DSAK                                07042404101 0
2200010000                                                                                        JVBABE22                   1 0
2300010000BE17645105243621                     Z.-D. Takacs-Kha                                                              0 1
31000100012024-00072           001010001001Z.-D. Takacs-Kha                                                                  1 0
3200010001Brusselsesteenweg 614              3090 Overijse                                                                   0 0
21000200002024-00073           0000000000402000070424001500000Terug boeking opname 27-03-2024 tickets              07042404101 0
2200020000                                                                                        JVBABE22                   1 0
2300020000BE17645105243621                     Takacs-Kha Z.-D.                                                              0 1
31000200012024-00073           001500001001Takacs-Kha Z.-D.                                                                  1 0
3200020001Brusselsesteenweg 614              3090 Overijse                                                                   0 0
21000300002024-00074           0000000001000000070424001500000Terugboeking  kasopname : 2 April 2024               07042404101 0
2200030000                                                                                        JVBABE22                   1 0
2300030000BE17645105243621                     Takacs-Kha Z.-D.                                                              0 1
31000300012024-00074           001500001001Takacs-Kha Z.-D.                                                                  1 0
3200030001Brusselsesteenweg 614              3090 Overijse                                                                   0 0
21000400002024-00075           0000000000250000070424001500000Terug boieking kas opname 06-04-2024                 07042404101 0
2200040000                                                                                        JVBABE22                   1 0
2300040000BE17645105243621                     Takacs-Kha Z.-D.                                                              0 1
31000400012024-00075           001500001001Takacs-Kha Z.-D.                                                                  1 0
3200040001Brusselsesteenweg 614              3090 Overijse                                                                   0 0
21000500002024-00076           0000000000730310070424001500000Terug storting te veel gestorte declaraties : 730,31 07042404101 0
2200050000                                                                                        JVBABE22                   1 0
2300050000BE17645105243621                     Takacs-Kha Z.-D.                                                              0 1
31000500012024-00076           001500001001Takacs-Kha Z.-D.                                                                  1 0
3200050001Brusselsesteenweg 614              3090 Overijse                                                                   0 0
21000600002024-00077           1000000002126150070424001010000EXP.31032024.003.DSAK                                07042404101 0
2200060000                                                                                        JVBABE22                   1 0
2300060000BE17645105243621                     Z.-D. Takacs-Kha                                                              0 1
31000600012024-00077           001010001001Z.-D. Takacs-Kha                                                                  1 0
3200060001Brusselsesteenweg 614              3090 Overijse                                                                   0 0
21000700002024-00078           1000000001051510070424001010000EXP.28022024.002.DSAK                                07042404101 0
2200070000                                                                                        JVBABE22                   1 0
2300070000BE17645105243621                     Z.-D. Takacs-Kha                                                              0 1
31000700012024-00078           001010001001Z.-D. Takacs-Kha                                                                  1 0
3200070001Brusselsesteenweg 614              3090 Overijse                                                                   0 0
21000800002024-00079           1000000002390960070424001010001101512668737314                                      07042404101 0
2200080000                                                                                        KREDBEBB                   1 0
2300080000BE31410000071155                     VOLVO CAR INSURANCE                                                           0 1
31000800012024-00079           001010001001VOLVO CAR INSURANCE                                                               0 0
21000900002024-00080           1000000000123360070424001010001101240164588691                                      07042404101 0
2200090000                                                                                        KREDBEBB                   1 0
2300090000BE71448764648169                     HELAN                                                                         0 1
31000900012024-00080           001010001001HELAN                                                                             1 0
3200090001sluisweg 2 bus 1                   9000 Gent                                                                       0 0
21001000002024-00081           1000000000241920070424001010001101240202826697                                      07042404101 0
2200100000                                                                                        KREDBEBB                   1 0
2300100000BE71448764648169                     HELAN                                                                         0 1
31001000012024-00081           001010001001HELAN                                                                             1 0
3200100001sluisweg 2 bus 1                   9000 Gent                                                                       0 0
21001100002024-00082           1000000000730310070424001010001101157725570610                                      07042404101 0
2200110000                                                                                        BBRUBEBB                   1 0
2300110000BE09363065981157                     ACB Woluwe                                                                    0 1
31001100012024-00082           001010001001ACB Woluwe                                                                        1 0
3200110001Leuvensesteenweg 430               1930 Zaventem                                                                   0 0
8041BE95645100416758                  EUR0000000001962870070424                                                                0
9               000056000000010153120000000002382310                                                                           2
