0000001102464505                  ZANDD ENTERPRISES BV      JVBABE22   00712627128 00000                                       2
12117BE95645100416758                  EUR0000000001189450300924ZANDD ENTERPRISES BV      Zichtrekening professioneel        117
21000100002024-00252           10000000001309200110240050100001037245569828/PAYPAL                                 01102411701 0
2200010000                                                     1037245569828                      PPLXLUL2                   1 0
2300010000LU89751000135104200E                 PayPal Europe S.a.r.l. et Cie S.C.A                                           0 1
31000100012024-00252           005010001001PayPal Europe S.a.r.l. et Cie S.C.A                                               1 0
320001000122-24 Boulevard Royal, 2449 Luxembo                                                                                0 0
21000200002024-00253           10000000004859800110240010100004835-2024-1186INV                                    01102411701 0
2200020000                                                                                        INGBNL2A                   1 0
2300020000NL19INGB0007130245                   Regus Amsterdam BV                                                            0 1
31000200012024-00253           001010001001Regus Amsterdam BV                                                                1 0
3200020001Saturnusstraat 46-62               Hoofddorp                                                                       0 0
21000300002024-00254           1000000000020000011024004020000521477XXXXXX0556 01/10/2024 19:21                    01102411701 0
2200030000                                                                                                                   1 0
2300030000                                     NATIONALE LOTERIJ                                                             0 1
31000300012024-00254           004020001001NATIONALE LOTERIJ                                                                 1 0
32000300011040 BRUSSEL                                                                                                       0 0
8117BE95645100416758                  EUR0000000000552550011024                                                                0
9               000017000000000636900000000000000000                                                                           1
0000003102464505                  ZANDD ENTERPRISES BV      JVBABE22   00712627128 00000                                       2
12118BE95645100416758                  EUR0000000000552550011024ZANDD ENTERPRISES BV      Zichtrekening professioneel        118
21000100002024-00255           1000000000499980031024011010000Aank. 2,5212 UNIVERSAL INVEST HIG aan 198,3107 EUR   03102411801 0
2200010000Effectenrekening 329862 borderel 731143              812265                                                        0 0
8118BE95645100416758                  EUR0000000000052570031024                                                                0
9               000004000000000499980000000000000000                                                                           1
0000004102464505                  ZANDD ENTERPRISES BV      JVBABE22   00712627128 00000                                       2
12119BE95645100416758                  EUR0000000000052570031024ZANDD ENTERPRISES BV      Zichtrekening professioneel        119
21000100002024-00256           0000000003585870041024011500000Verk. 18,3289 UNIVERSAL INVEST HIGH aan 195,64 EUR   04102411901 0
2200010000Effectenrekening 329862 borderel 739083              812777                                                        0 0
21000200002024-00257           10000000002125500410240010100004835-2024-1084INV                                    04102411901 0
2200020000                                                                                        INGBNL2A                   1 0
2300020000NL19INGB0007130245                   Regus Amsterdam BV                                                            0 1
31000200012024-00257           001010001001Regus Amsterdam BV                                                                1 0
3200020001Saturnusstraat 46-62               Hoofddorp                                                                       0 0
21000300002024-00258           1000000000340240041024001010000Factuurnummer: 224786                                04102411901 0
2200030000                                                                                        BBRUBEBB                   1 0
2300030000BE86335013434950                     Peumans Bvba                                                                  0 1
31000300012024-00258           001010001001Peumans Bvba                                                                      0 0
21000400002024-00259           1000000000340240041024001010000Factuurnummer: 225255                                04102411901 0
2200040000                                                                                        BBRUBEBB                   1 0
2300040000BE86335013434950                     Peumans Bvba                                                                  0 1
31000400012024-00259           001010001001Peumans Bvba                                                                      0 0
21000500002024-00260           1000000000340240041024001010000Factuurnummer: 225013                                04102411901 0
2200050000                                                                                        BBRUBEBB                   1 0
2300050000BE86335013434950                     Peumans Bvba                                                                  0 1
31000500012024-00260           001010001001Peumans Bvba                                                                      0 0
21000600002024-00261           1000000001054260041024001010000EXP.31072024.007.DSAK                                04102411901 0
2200060000                                                                                        JVBABE22                   1 0
2300060000BE17645105243621                     Z.-D. Takacs-Kha                                                              0 1
31000600012024-00261           001010001001Z.-D. Takacs-Kha                                                                  1 0
3200060001Brusselsesteenweg 614              3090 Overijse                                                                   0 0
21000700002024-00262           0000000000500000041024001500000Terug Storting RC opname 21-09-2024 a 500,00         04102411901 0
2200070000                                                                                        JVBABE22                   1 0
2300070000BE17645105243621                     Takacs-Kha Z.-D.                                                              0 1
31000700012024-00262           001500001001Takacs-Kha Z.-D.                                                                  1 0
3200070001Brusselsesteenweg 614              3090 Overijse                                                                   0 0
21000800002024-00263           0000000000040000041024001500000Terug Storting RC opname 09-08-2024 a 40,00          04102411901 0
2200080000                                                                                        JVBABE22                   1 0
2300080000BE17645105243621                     Takacs-Kha Z.-D.                                                              0 1
31000800012024-00263           001500001001Takacs-Kha Z.-D.                                                                  1 0
3200080001Brusselsesteenweg 614              3090 Overijse                                                                   0 0
21000900002024-00264           0000000000020000041024001500000Terug Storting RC opname 06-09-2024 a 20,00          04102411901 0
2200090000                                                                                        JVBABE22                   1 0
2300090000BE17645105243621                     Takacs-Kha Z.-D.                                                              0 1
31000900012024-00264           001500001001Takacs-Kha Z.-D.                                                                  1 0
3200090001Brusselsesteenweg 614              3090 Overijse                                                                   0 0
21001000002024-00265           0000000000020000041024001500000Terug Storting RC opname 16-08-2024 a 20,00          04102411901 0
2200100000                                                                                        JVBABE22                   1 0
2300100000BE17645105243621                     Takacs-Kha Z.-D.                                                              0 1
31001000012024-00265           001500001001Takacs-Kha Z.-D.                                                                  1 0
3200100001Brusselsesteenweg 614              3090 Overijse                                                                   0 0
21001100002024-00266           0000000000250000041024001500000Terug Storting RC opname 10-09-2024 a 250,00         04102411901 0
2200110000                                                                                        JVBABE22                   1 0
2300110000BE17645105243621                     Takacs-Kha Z.-D.                                                              0 1
31001100012024-00266           001500001001Takacs-Kha Z.-D.                                                                  1 0
3200110001Brusselsesteenweg 614              3090 Overijse                                                                   0 0
21001200002024-00267           0000000000020000041024001500000Terug Storting RC opname 13-08-2024 a 20,00          04102411901 0
2200120000                                                                                        JVBABE22                   1 0
2300120000BE17645105243621                     Takacs-Kha Z.-D.                                                              0 1
31001200012024-00267           001500001001Takacs-Kha Z.-D.                                                                  1 0
3200120001Brusselsesteenweg 614              3090 Overijse                                                                   0 0
21001300002024-00268           0000000000025000041024001500000Terug Storting RC opname 23-08-2024 a 25,00          04102411901 0
2200130000                                                                                        JVBABE22                   1 0
2300130000BE17645105243621                     Takacs-Kha Z.-D.                                                              0 1
31001300012024-00268           001500001001Takacs-Kha Z.-D.                                                                  1 0
3200130001Brusselsesteenweg 614              3090 Overijse                                                                   0 0
21001400002024-00269           0000000000020000041024001500000Terug Storting RC opname 01-10-2024 a 20,00          04102411901 0
2200140000                                                                                        JVBABE22                   1 0
2300140000BE17645105243621                     Takacs-Kha Z.-D.                                                              0 1
31001400012024-00269           001500001001Takacs-Kha Z.-D.                                                                  1 0
3200140001Brusselsesteenweg 614              3090 Overijse                                                                   0 0
21001500002024-00270           1000000000022000041024001010000Opname verkeerde storting 09-08-2024                 04102411901 0
2200150000                                                                                        JVBABE22                   1 0
2300150000BE17645105243621                     Z.-D. Takacs-Kha                                                              0 1
31001500012024-00270           001010001001Z.-D. Takacs-Kha                                                                  1 0
3200150001Brusselsesteenweg 614              3090 Overijse                                                                   0 0
21001600002024-00271           0000000000079990041024001500000Terug Storting RC opname 25-08-2024 a 79,99          04102411901 0
2200160000                                                                                        JVBABE22                   1 0
2300160000BE17645105243621                     Takacs-Kha Z.-D.                                                              0 1
31001600012024-00271           001500001001Takacs-Kha Z.-D.                                                                  1 0
3200160001Brusselsesteenweg 614              3090 Overijse                                                                   0 0
21001700002024-00272           0000000000023000041024001500000Terug Storting RC opname 09-08-2024 a 23,00          04102411901 0
2200170000                                                                                        JVBABE22                   1 0
2300170000BE17645105243621                     Takacs-Kha Z.-D.                                                              0 1
31001700012024-00272           001500001001Takacs-Kha Z.-D.                                                                  1 0
3200170001Brusselsesteenweg 614              3090 Overijse                                                                   0 0
21001800002024-00273           1000000001496670041024001010000EXP.31082024.008.DSAK                                04102411901 0
2200180000                                                                                        JVBABE22                   1 0
2300180000BE17645105243621                     Z.-D. Takacs-Kha                                                              0 1
31001800012024-00273           001010001001Z.-D. Takacs-Kha                                                                  1 0
3200180001Brusselsesteenweg 614              3090 Overijse                                                                   0 0
21001900002024-00274           1000000000632780041024001010000EXP.30092024.009.DSAK                                04102411901 0
2200190000                                                                                        JVBABE22                   1 0
2300190000BE17645105243621                     Z.-D. Takacs-Kha                                                              0 1
31001900012024-00274           001010001001Z.-D. Takacs-Kha                                                                  1 0
3200190001Brusselsesteenweg 614              3090 Overijse                                                                   0 0
21002000002024-00275           0000000000705000041024001500000Terug Storting RC opname 27-08-2024 a 705,00         04102411901 0
2200200000                                                                                        JVBABE22                   1 0
2300200000BE17645105243621                     Takacs-Kha Z.-D.                                                              0 1
31002000012024-00275           001500001001Takacs-Kha Z.-D.                                                                  1 0
3200200001Brusselsesteenweg 614              3090 Overijse                                                                   0 0
21002100002024-00276           0000000001500000041024001500000Terug Storting RC opname 20-08-2024 a 1500,00        04102411901 0
2200210000                                                                                        JVBABE22                   1 0
2300210000BE17645105243621                     Takacs-Kha Z.-D.                                                              0 1
31002100012024-00276           001500001001Takacs-Kha Z.-D.                                                                  1 0
3200210001Brusselsesteenweg 614              3090 Overijse                                                                   0 0
21002200002024-00277           1000000000080060041024001010001101200582201546                                      04102411901 0
2200220000                                                                                        BBRUBEBB                   1 0
2300220000BE18363225740965                     EDPNET Belgium BV                                                             0 1
31002200012024-00277           001010001001EDPNET Belgium BV                                                                 0 0
21002300002024-00278           1000000000083490041024001010001101052400925021                                      04102411901 0
2200230000                                                                                        BBRUBEBB                   1 0
2300230000BE18363225740965                     EDPNET Belgium BV                                                             0 1
31002300012024-00278           001010001001EDPNET Belgium BV                                                                 0 0
21002400002024-00279           10000000001210800410240010100002024/8251                                            04102411901 0
2200240000                                                                                        GEBABEBB                   1 0
2300240000BE49235021763071                     The Waterpurifier                                                             0 1
31002400012024-00279           001010001001The Waterpurifier                                                                 1 0
3200240001Genebroekstraat 82                 B--3581 Beverlo                                                                 0 0
21002500002024-00280           1000000000898280041024001010001101524757037160                                      04102411901 0
2200250000                                                                                        KREDBEBB                   1 0
2300250000BE56435410980188                     Liantis sociaal secretariaat vzw                                              0 1
31002500012024-00280           001010001001Liantis sociaal secretariaat vzw                                                  1 0
3200250001Willebroekkaai 37                  1000 Brussel                                                                    0 0
21002600002024-00281           1000000000057840041024001010001101524668429377                                      04102411901 0
2200260000                                                                                        KREDBEBB                   1 0
2300260000BE56435410980188                     Liantis sociaal secretariaat vzw                                              0 1
31002600012024-00281           001010001001Liantis sociaal secretariaat vzw                                                  1 0
3200260001Willebroekkaai 37                  1000 Brussel                                                                    0 0
21002700002024-00282           1000000000083490041024001010001101052400824078                                      04102411901 0
2200270000                                                                                        GEBABEBB                   1 0
2300270000BE05001743272175                     INTEROFFICES BV                                                               0 1
31002700012024-00282           001010001001INTEROFFICES BV                                                                   1 0
3200270001Kunstlaan, 56                      1000 Brussel                                                                    0 0
21002800002024-00283           1000000000079800041024001010001101200586410740                                      04102411901 0
2200280000                                                                                        BBRUBEBB                   1 0
2300280000BE18363225740965                     EDPNET Belgium BV                                                             0 1
31002800012024-00283           001010001001EDPNET Belgium BV                                                                 0 0
21002900002024-00284           1000000000121080041024001010000 F2024/9958                                          04102411901 0
2200290000                                                                                        RABONL2U                   1 0
2300290000NL59RABO0166907960                   The Waterpurifier                                                             0 1
31002900012024-00284           001010001001The Waterpurifier                                                                 1 0
3200290001Genebroekstraat 82                 B--3581 Beverlo                                                                 0 0
21003000002024-00285           1000000000053140041024001010000E0400TN1C9                                           04102411901 0
2200300000                                                                                        CITIGB2L                   1 0
2300300000GB31CITI18500812207591               MICROSOFT IRELAND OPERATIONS LIMITE                                           0 1
31003000012024-00285           001010001001MICROSOFT IRELAND OPERATIONS LIMITED                                              1 0
3200300001One Microsoft place                south county business park, leopard                                             0 0
21003100002024-00286           1000000000083490041024001010001101052400925021                                      04102411901 0
2200310000                                                                                        GEBABEBB                   1 0
2300310000BE05001743272175                     INTEROFFICES BV                                                               0 1
31003100012024-00286           001010001001INTEROFFICES BV                                                                   1 0
3200310001Kunstlaan, 56                      1000 Brussel                                                                    0 0
8119BE95645100416758                  EUR0000000000740700041024                                                                0
9               000148000000006100730000000006788860                                                                           2
