0000002022564505                  ZANDD ENTERPRISES BV      JVBABE22   00712627128 00000                                       2
12015BE95645100416758                  EUR0000000022703020300125ZANDD ENTERPRISES BV      Zichtrekening professioneel        015
21000100002025-00035           1000000014134920020225001010000                                                     02022501501 0
2200010000                                                                                        PCHQBEBB                   1 0
2300010000BE22679200300047                     Btw ontvangsten Brussel                                                       0 1
31000100012025-00035           001010001001Btw ontvangsten Brussel                                                           1 0
3200010001kruidtuinlaan 50 bus3402           1000, brussel                                                                   0 0
21000200002025-00036           1000000000156820020225001010001101015250060316                                      02022501501 0
2200020000                                                                                        RABONL2U                   1 0
2300020000NL59RABO0166907960                   The Waterpurifier                                                             0 1
31000200012025-00036           001010001001The Waterpurifier                                                                 1 0
3200020001Genebroekstraat 82                 B--3581 Beverlo                                                                 0 0
21000300002025-00037           1000000000083490020225001010001101525700016697                                      02022501501 0
2200030000                                                                                        GEBABEBB                   1 0
2300030000BE05001743272175                     INTEROFFICES BV                                                               0 1
31000300012025-00037           001010001001INTEROFFICES BV                                                                   1 0
3200030001Kunstlaan, 56                      1000 Brussel                                                                    0 0
8015BE95645100416758                  EUR0000000008327790020225                                                                0
9               000017000000014375230000000000000000                                                                           1
0000003022564505                  ZANDD ENTERPRISES BV      JVBABE22   00712627128 00000                                       2
12016BE95645100416758                  EUR0000000008327790020225ZANDD ENTERPRISES BV      Zichtrekening professioneel        016
21000100002025-00038           1000000000795920030225001010000EXP.31012025.001.DSAK                                03022501601 0
2200010000                                                                                        JVBABE22                   1 0
2300010000BE17645105243621                     Z.-D. Takacs-Kha                                                              0 1
31000100012025-00038           001010001001Z.-D. Takacs-Kha                                                                  1 0
3200010001Brusselsesteenweg 614              3090 Overijse                                                                   0 0
8016BE95645100416758                  EUR0000000007531870030225                                                                0
9               000007000000000795920000000000000000                                                                           1
0000007022564505                  ZANDD ENTERPRISES BV      JVBABE22   00712627128 00000                                       2
12017BE95645100416758                  EUR0000000007531870030225ZANDD ENTERPRISES BV      Zichtrekening professioneel        017
21000100002025-00039           1000000000030320070225001010000BE0689 5303 5535 saldo kosten                        07022501701 0
2200010000                                                                                        GKCCBEBB                   1 0
2300010000BE27057644013073                     Belfius                                                                       0 1
31000100012025-00039           001010001001Belfius                                                                           0 0
8017BE95645100416758                  EUR0000000007501550070225                                                                0
9               000006000000000030320000000000000000                                                                           1
0000008022564505                  ZANDD ENTERPRISES BV      JVBABE22   00712627128 00000                                       2
12018BE95645100416758                  EUR0000000007501550070225ZANDD ENTERPRISES BV      Zichtrekening professioneel        018
21000100002025-00040           1000000000098550080225004020000521477XXXXXX0556 08/02/2025 14:43 Communication: Uw b08022501801 0
2200010000estelling bij 123inkt.be                                                                                           1 0
2300010000                                     123inkt.be BV                                                                 0 1
31000100012025-00040           004020001001123inkt.be BV                                                                     1 0
32000100019052 GENT                                                                                                          0 0
8018BE95645100416758                  EUR0000000007403000080225                                                                0
9               000007000000000098550000000000000000                                                                           1
0000010022564505                  ZANDD ENTERPRISES BV      JVBABE22   00712627128 00000                                       2
12019BE95645100416758                  EUR0000000007403000080225ZANDD ENTERPRISES BV      Zichtrekening professioneel        019
21000100002025-00041           1000000000100000100225001010001101071262712841                                      10022501901 0
2200010000                                                                                        PCHQBEBB                   1 0
2300010000BE22679200300047                     Btw ontvangsten Brussel                                                       0 1
31000100012025-00041           001010001001Btw ontvangsten Brussel                                                           1 0
3200010001kruidtuinlaan 50 bus3402           1000, brussel                                                                   0 0
21000200002025-00042           100000000016400010022500101000001-2025 Huur Gellikerweg 122, 3620 Lanaken           10022501901 0
2200020000                                                                                        JVBABE22                   1 0
2300020000BE17645105243621                     Z.-D. Takacs-Kha                                                              0 1
31000200012025-00042           001010001001Z.-D. Takacs-Kha                                                                  1 0
3200020001Brusselsesteenweg 614              3090 Overijse                                                                   0 0
21000300002025-00043           1000000000024500100225004020000521477XXXXXX0556 10/02/2025 12:19                    10022501901 0
2200030000                                                                                                                   1 0
2300030000                                     DIGITAL TICKETING                                                             0 1
31000300012025-00043           004020001001DIGITAL TICKETING                                                                 1 0
32000300011000 BRUXELLES                                                                                                     0 0
8019BE95645100416758                  EUR0000000007114500100225                                                                0
9               000017000000000288500000000000000000                                                                           1
0000011022564505                  ZANDD ENTERPRISES BV      JVBABE22   00712627128 00000                                       2
12020BE95645100416758                  EUR0000000007114500100225ZANDD ENTERPRISES BV      Zichtrekening professioneel        020
21000100002025-00044           0000000000040180110225001500000YYW1040213499438/PAYPAL                              11022502001 0
2200010000                                                     YYW1040213499438                   PPLXLUL2                   1 0
2300010000LU89751000135104200E                 PayPal Europe S.a.r.l. et Cie S.C.A                                           0 1
31000100012025-00044           001500001001PayPal Europe S.a.r.l. et Cie S.C.A                                               1 0
320001000122-24 Boulevard Royal, 2449 Luxembo                                                                                0 0
8020BE95645100416758                  EUR0000000007154680110225                                                                0
9               000007000000000000000000000000040180                                                                           1
0000012022564505                  ZANDD ENTERPRISES BV      JVBABE22   00712627128 00000                                       2
12021BE95645100416758                  EUR0000000007154680110225ZANDD ENTERPRISES BV      Zichtrekening professioneel        021
21000100002025-00045           10000000000401801202250050100001040194299560/PAYPAL                                 12022502101 0
2200010000                                                     1040194299560                      PPLXLUL2                   1 0
2300010000LU89751000135104200E                 PayPal Europe S.a.r.l. et Cie S.C.A                                           0 1
31000100012025-00045           005010001001PayPal Europe S.a.r.l. et Cie S.C.A                                               1 0
320001000122-24 Boulevard Royal, 2449 Luxembo                                                                                0 0
8021BE95645100416758                  EUR0000000007114500120225                                                                0
9               000007000000000040180000000000000000                                                                           1
0000016022564505                  ZANDD ENTERPRISES BV      JVBABE22   00712627128 00000                                       2
12022BE95645100416758                  EUR0000000007114500120225ZANDD ENTERPRISES BV      Zichtrekening professioneel        022
21000100002025-00046           1000000001449000160225004020000521477XXXXXX0556 16/02/2025 22:10                    16022502201 0
2200010000                                                                                                                   1 0
2300010000                                     WORLDPAY BV                                                                   0 1
31000100012025-00046           004020001001WORLDPAY BV                                                                       1 0
32000100011082 MD AMSTERDAM                                                                                                  0 0
8022BE95645100416758                  EUR0000000005665500160225                                                                0
9               000007000000001449000000000000000000                                                                           1
0000017022564505                  ZANDD ENTERPRISES BV      JVBABE22   00712627128 00000                                       2
12023BE95645100416758                  EUR0000000005665500160225ZANDD ENTERPRISES BV      Zichtrekening professioneel        023
21000100002025-00047           1000000000280000170225005010000FAK250224374                                         17022502301 0
2200010000                                                     982454863149                       GKCCBEBB                   1 0
2300010000BE84091010925259                     DE WATERGROEP                                                                 0 1
31000100012025-00047           005010001001DE WATERGROEP                                                                     1 0
3200010001VOORUITGANGSTRAAT  189             1030 BRUSSEL                                                                    0 0
21000200002025-00048           10000000000205001702250040200000023236880101 14/02/25 16:09 P2P MOBILE RAJAJAYAKARAN17022502301 0
2200020000 SU                                                  666/4012438788/8                   KREDBEBB                   1 0
2300020000BE08735044205413                     RAJAJAYAKARAN SU                                                              0 1
31000200012025-00048           004020001001RAJAJAYAKARAN SU                                                                  1 0
3200020001                                   P2P MOBILE                                                                      0 0
8023BE95645100416758                  EUR0000000005365000170225                                                                0
9               000012000000000300500000000000000000                                                                           1
0000018022564505                  ZANDD ENTERPRISES BV      JVBABE22   00712627128 00000                                       2
12024BE95645100416758                  EUR0000000005365000170225ZANDD ENTERPRISES BV      Zichtrekening professioneel        024
21000100002025-00049           1000000000350450180225005010000Factuur 226220                                       18022502401 0
2200010000                                                     Factuur 226220                     GKCCBEBB                   1 0
2300010000BE71068952253269                     VASTACC                                                                       0 1
31000100012025-00049           005010001001VASTACC                                                                           1 0
3200010001KUNSTLAAN   56                     1000 BRUSSEL                                                                    0 0
21000200002025-00050           10000000000099001802250050100001040339489033/PAYPAL                                 18022502401 0
2200020000                                                     1040339489033                      PPLXLUL2                   1 0
2300020000LU89751000135104200E                 PayPal Europe S.a.r.l. et Cie S.C.A                                           0 1
31000200012025-00050           005010001001PayPal Europe S.a.r.l. et Cie S.C.A                                               1 0
320002000122-24 Boulevard Royal, 2449 Luxembo                                                                                0 0
21000300002025-00051           1000000000407000180225004020000521477XXXXXX0556 18/02/2025 14:58                    18022502401 0
2200030000                                                                                                                   1 0
2300030000                                     HOTEL DES INDES                                                               0 1
31000300012025-00051           004020001001HOTEL DES INDES                                                                   1 0
32000300012514  EG 'S-GRAVENHAGE                                                                                             0 0
21000400002025-00052           1000000000269000180225001010000Factuurnummer 2025-0087 t.a.v 931537 / Takacs, Zsuzsa18022502401 0
2200040000nna                                                                                     GEBABEBB                   1 0
2300040000BE14001718033583                     Ondernemersschool B.V.                                                        0 1
31000400012025-00052           001010001001Ondernemersschool B.V.                                                            0 0
8024BE95645100416758                  EUR0000000004328650180225                                                                0
9               000021000000001036350000000000000000                                                                           1
0000019022564505                  ZANDD ENTERPRISES BV      JVBABE22   00712627128 00000                                       2
12025BE95645100416758                  EUR0000000004328650180225ZANDD ENTERPRISES BV      Zichtrekening professioneel        025
21000100002025-00053           1000000000225070190225005010000TotalEnergies PG Belgium SA-E232245347-E2500499443   19022502501 0
2200010000                                                     0602455234-223502993529            GEBABEBB                   1 0
2300010000BE38001509424272                     TotalEnergies PG Belgium SA                                                   0 1
31000100012025-00053           005010001001TotalEnergies PG Belgium SA                                                       1 0
3200010001Rue Saint Laurent 54               Liege                                                                           0 0
8025BE95645100416758                  EUR0000000004103580190225                                                                0
9               000007000000000225070000000000000000                                                                           1
0000020022564505                  ZANDD ENTERPRISES BV      JVBABE22   00712627128 00000                                       2
12026BE95645100416758                  EUR0000000004103580190225ZANDD ENTERPRISES BV      Zichtrekening professioneel        026
21000100002025-00054           1000000000100000200225001010000                                                     20022502601 0
2200010000                                                                                        GKCCBEBB                   1 0
2300010000BE39068955090319                     ZANDD Enterprises BV Belfius                                                  0 1
31000100012025-00054           001010001001ZANDD Enterprises BV Belfius                                                      0 0
8026BE95645100416758                  EUR0000000004003580200225                                                                0
9               000006000000000100000000000000000000                                                                           1
0000021022564505                  ZANDD ENTERPRISES BV      JVBABE22   00712627128 00000                                       2
12027BE95645100416758                  EUR0000000004003580200225ZANDD ENTERPRISES BV      Zichtrekening professioneel        027
21000100002025-00055           1000000000031070210225004020000521477XXXXXX0556 21/02/2025 21:48 Communication: 71B221022502701 0
2200010000VAA Klarna                                                                                                         1 0
2300010000                                     KLARNA BANK AB                                                                0 1
31000100012025-00055           004020001001KLARNA BANK AB                                                                    1 0
320001000111134 Stockholm                                                                                                    0 0
21000200002025-00056           1000000000059950210225004020000521477XXXXXX0556 21/02/2025 21:49 Communication: 71B221022502701 0
2200020000VLC Klarna                                                                                                         1 0
2300020000                                     KLARNA BANK AB                                                                0 1
31000200012025-00056           004020001001KLARNA BANK AB                                                                    1 0
320002000111134 Stockholm                                                                                                    0 0
8027BE95645100416758                  EUR0000000003912560210225                                                                0
9               000012000000000091020000000000000000                                                                           1
0000025022564505                  ZANDD ENTERPRISES BV      JVBABE22   00712627128 00000                                       2
12028BE95645100416758                  EUR0000000003912560210225ZANDD ENTERPRISES BV      Zichtrekening professioneel        028
21000100002025-00057           1000000002500000250225001010000                                                     25022502801 0
2200010000                                                                                        JVBABE22                   1 0
2300010000BE17645105243621                     Z.-D. Takacs-Kha                                                              0 1
31000100012025-00057           001010001001Z.-D. Takacs-Kha                                                                  1 0
3200010001Brusselsesteenweg 614              3090 Overijse                                                                   0 0
8028BE95645100416758                  EUR0000000001412560250225                                                                0
9               000007000000002500000000000000000000                                                                           1
0000026022564505                  ZANDD ENTERPRISES BV      JVBABE22   00712627128 00000                                       2
12029BE95645100416758                  EUR0000000001412560250225ZANDD ENTERPRISES BV      Zichtrekening professioneel        029
21000100002025-00058           0000000004919530260225001500000KOHIERARTIKEL 0847209865                             26022502901 0
2200010000                                                     101091831                          PCHQBEBB                   1 0
2300010000BE30679200209111                     FOD Financien - Inning                                                        0 1
31000100012025-00058           001500001001FOD Financien - Inning                                                            1 0
3200010001Koning Albert II-laan 33           1030 BRUSSEL                                                                    0 0
8029BE95645100416758                  EUR0000000006332090260225                                                                0
9               000007000000000000000000000004919530                                                                           1
0000027022564505                  ZANDD ENTERPRISES BV      JVBABE22   00712627128 00000                                       2
12030BE95645100416758                  EUR0000000006332090260225ZANDD ENTERPRISES BV      Zichtrekening professioneel        030
21000100002025-00059           1000000001019800270225005010000SI25/047240                                          27022503001 0
2200010000                                                     SDD-1003938-14846797               GEBABEBB                   1 0
2300010000BE42001839300054                     VOLVO                                                                         0 1
31000100012025-00059           005010001001VOLVO                                                                             0 0
21000200002025-00060           1000000000095260270225005010000200601914067                                         27022503001 0
2200020000                                                     301003C25060620.671.15236468       KREDBEBB                   1 0
2300020000BE39734067833119                     EDPNET BELGIUM BV                                                             0 1
31000200012025-00060           005010001001EDPNET BELGIUM BV                                                                 1 0
3200020001Bellestraat 30                     9100 Sint-Niklaas(Oost-Vlaanderen)                                              0 0
21000300002025-00061           10000000000396202702250050100001040507062790/PAYPAL                                 27022503001 0
2200030000                                                     1040507062790                      PPLXLUL2                   1 0
2300030000LU89751000135104200E                 PayPal Europe S.a.r.l. et Cie S.C.A                                           0 1
31000300012025-00061           005010001001PayPal Europe S.a.r.l. et Cie S.C.A                                               1 0
320003000122-24 Boulevard Royal, 2449 Luxembo                                                                                0 0
21000400002025-00062           10000000000399902702250050100001040520797317/PAYPAL                                 27022503001 0
2200040000                                                     1040520797317                      PPLXLUL2                   1 0
2300040000LU89751000135104200E                 PayPal Europe S.a.r.l. et Cie S.C.A                                           0 1
31000400012025-00062           005010001001PayPal Europe S.a.r.l. et Cie S.C.A                                               1 0
320004000122-24 Boulevard Royal, 2449 Luxembo                                                                                0 0
8030BE95645100416758                  EUR0000000005137420270225                                                                0
9               000021000000001194670000000000000000                                                                           1
0000028022564505                  ZANDD ENTERPRISES BV      JVBABE22   00712627128 00000                                       2
12031BE95645100416758                  EUR0000000005137420270225ZANDD ENTERPRISES BV      Zichtrekening professioneel        031
21000100002025-00063           1000000001800000280225001030000HUUR BRUSSELSESTWG 614 OVERIJSE   OLISLAEGERS VASTGOE28022503101 0
2200010000D NV                                                                                    KREDBEBB                   1 0
2300010000BE35737056463137                     OLISLAEGERS VASTGOED NV                                                       0 1
31000100012025-00063           001030001001OLISLAEGERS VASTGOED NV                                                           0 0
21000200002025-00064           1000000000038570280225001010000Terugstorting  order SMALLRIG 22                     28022503101 0
2200020000                                                                                        JVBABE22                   1 0
2300020000BE17645105243621                     Z.-D. Takacs-Kha                                                              0 1
31000200012025-00064           001010001001Z.-D. Takacs-Kha                                                                  1 0
3200020001Brusselsesteenweg 614              3090 Overijse                                                                   0 0
21000300002025-00065           1000000000088520280225001010000order : tp-link manage switch switch                 28022503101 0
2200030000                                                                                        JVBABE22                   1 0
2300030000BE17645105243621                     Z.-D. Takacs-Kha                                                              0 1
31000300012025-00065           001010001001Z.-D. Takacs-Kha                                                                  1 0
3200030001Brusselsesteenweg 614              3090 Overijse                                                                   0 0
21000400002025-00066           0000000002500000280225001500000terugstorting tijdelijke opname                      28022503101 0
2200040000                                                                                        JVBABE22                   1 0
2300040000BE17645105243621                     Takacs-Kha Z.-D.                                                              0 1
31000400012025-00066           001500001001Takacs-Kha Z.-D.                                                                  1 0
3200040001Brusselsesteenweg 614              3090 Overijse                                                                   0 0
21000500002025-00067           1000000004143520280225001010000Salaris januari 2024 DSAK                            28022503101 0
2200050000                                                                                        GKCCBEBB                   1 0
2300050000BE40063785246963                     Z Tackacs BELFIUS                                                             0 1
31000500012025-00067           001010001001Z Tackacs BELFIUS                                                                 0 0
21000600002025-00068           1000000000256590280225001010000Salaris januari 2025                                 28022503101 0
2200060000                                                                                        GKCCBEBB                   1 0
2300060000BE40063785246963                     Z Tackacs BELFIUS                                                             0 1
31000600012025-00068           001010001001Z Tackacs BELFIUS                                                                 0 0
21000700002025-00069           1000000000156820280225001010001101015250218041                                      28022503101 0
2200070000                                                                                        RABONL2U                   1 0
2300070000NL59RABO0166907960                   The Waterpurifier                                                             0 1
31000700012025-00069           001010001001The Waterpurifier                                                                 1 0
3200070001Genebroekstraat 82                 B--3581 Beverlo                                                                 0 0
21000800002025-00070           1000000000083490280225001010001101525700194634                                      28022503101 0
2200080000                                                                                        GEBABEBB                   1 0
2300080000BE05001743272175                     INTEROFFICES BV                                                               0 1
31000800012025-00070           001010001001INTEROFFICES BV                                                                   1 0
3200080001Kunstlaan, 56                      1000 Brussel                                                                    0 0
8031BE95645100416758                  EUR0000000001069910280225                                                                0
9               000039000000006567510000000002500000                                                                           1
0000003032564505                  ZANDD ENTERPRISES BV      JVBABE22   00712627128 00000                                       2
12032BE95645100416758                  EUR0000000001069910280225ZANDD ENTERPRISES BV      Zichtrekening professioneel        032
21000100002025-00071           10000000003000000303250010100001-FON-002                                            03032503201 0
2200010000                                                                                        HPBZHR2X                   1 0
2300010000HR8623900013223425499                BANGIT, obrt za informaticke usluge                                           0 1
31000100012025-00071           001010001001BANGIT, obrt za informaticke usluge i trgovinu                                    1 0
3200010001Donji Karin 134                    23452 Donji Karin                                                               0 0
8032BE95645100416758                  EUR0000000000769910030325                                                                0
9               000007000000000300000000000000000000                                                                           1
0000007032564505                  ZANDD ENTERPRISES BV      JVBABE22   00712627128 00000                                       2
12033BE95645100416758                  EUR0000000000769910030325ZANDD ENTERPRISES BV      Zichtrekening professioneel        033
21000100002025-00072           10000000000395500703250050100001040689839779/PAYPAL                                 07032503301 0
2200010000                                                     1040689839779                      PPLXLUL2                   1 0
2300010000LU89751000135104200E                 PayPal Europe S.a.r.l. et Cie S.C.A                                           0 1
31000100012025-00072           005010001001PayPal Europe S.a.r.l. et Cie S.C.A                                               1 0
320001000122-24 Boulevard Royal, 2449 Luxembo                                                                                0 0
8033BE95645100416758                  EUR0000000000730360070325                                                                0
9               000007000000000039550000000000000000                                                                           1
0000009032564505                  ZANDD ENTERPRISES BV      JVBABE22   00712627128 00000                                       2
12034BE95645100416758                  EUR0000000000730360070325ZANDD ENTERPRISES BV      Zichtrekening professioneel        034
21000100002025-00073           1000000000024500090325004020000521477XXXXXX0556 09/03/2025 11:48                    09032503401 0
2200010000                                                                                                                   1 0
2300010000                                     STIB-MIVB APP                                                                 0 1
31000100012025-00073           004020001001STIB-MIVB APP                                                                     1 0
32000100011000 BRUXELLES                                                                                                     0 0
8034BE95645100416758                  EUR0000000000705860090325                                                                0
9               000007000000000024500000000000000000                                                                           1
0000010032564505                  ZANDD ENTERPRISES BV      JVBABE22   00712627128 00000                                       2
12035BE95645100416758                  EUR0000000000705860090325ZANDD ENTERPRISES BV      Zichtrekening professioneel        035
21000100002025-00074           1000000000079950100325005010000Mandate:119650347/ Creditor ID:DE39ZZZ00000342938/ Cl10032503501 0
2200010000everbridge GmbH/ Ref. No:493051257/ Piriform Software339697822                          DEUTDEDK                   1 0
2300010000DE04370700600192144405               cleverbridge GmbH                   Ltd                                       0 1
31000100012025-00074           005010001001cleverbridge GmbH                                                                 1 0
3200010001Tunisstr. 19-23                    50667 Koln                                                                      0 0
8035BE95645100416758                  EUR0000000000625910100325                                                                0
9               000007000000000079950000000000000000                                                                           1
0000011032564505                  ZANDD ENTERPRISES BV      JVBABE22   00712627128 00000                                       2
12036BE95645100416758                  EUR0000000000625910100325ZANDD ENTERPRISES BV      Zichtrekening professioneel        036
21000100002025-00075           1000000000100000110325001010000                                                     11032503601 0
2200010000                                                                                        JVBABE22                   1 0
2300010000BE17645105243621                     Z.-D. Takacs-Kha                                                              0 1
31000100012025-00075           001010001001Z.-D. Takacs-Kha                                                                  1 0
3200010001Brusselsesteenweg 614              3090 Overijse                                                                   0 0
8036BE95645100416758                  EUR0000000000525910110325                                                                0
9               000007000000000100000000000000000000                                                                           1
0000015032564505                  ZANDD ENTERPRISES BV      JVBABE22   00712627128 00000                                       2
12037BE95645100416758                  EUR0000000000525910110325ZANDD ENTERPRISES BV      Zichtrekening professioneel        037
21000100002025-00076           1000000000087120150325004020000521477XXXXXX0556 15/03/2025 16:06                    15032503701 0
2200010000                                                                                                                   1 0
2300010000                                     Bol.com                                                                       0 1
31000100012025-00076           004020001001Bol.com                                                                           1 0
32000100013528 BJ UTRECHT                                                                                                    0 0
8037BE95645100416758                  EUR0000000000438790150325                                                                0
9               000007000000000087120000000000000000                                                                           1
0000016032564505                  ZANDD ENTERPRISES BV      JVBABE22   00712627128 00000                                       2
12038BE95645100416758                  EUR0000000000438790150325ZANDD ENTERPRISES BV      Zichtrekening professioneel        038
21000100002025-00077           1000000000192000160325004020000521477XXXXXX0556 16/03/2025 12:56 Communication: DNRD16032503801 0
2200010000QWPCNN                                                                                                             1 0
2300010000                                     NS                                                                            0 1
31000100012025-00077           004020001001NS                                                                                1 0
32000100011012 AB Amsterdam                                                                                                  0 0
8038BE95645100416758                  EUR0000000000246790160325                                                                0
9               000007000000000192000000000000000000                                                                           1
0000017032564505                  ZANDD ENTERPRISES BV      JVBABE22   00712627128 00000                                       2
12039BE95645100416758                  EUR0000000000246790160325ZANDD ENTERPRISES BV      Zichtrekening professioneel        039
21000100002025-00078           10000000000130001703250040200000023236880101 14/03/25 15:21 P2P MOBILE RAJAJAYAKARAN17032503901 0
2200010000 SU                                                  666/4012432041/8                   KREDBEBB                   1 0
2300010000BE08735044205413                     RAJAJAYAKARAN SU                                                              0 1
31000100012025-00078           004020001001RAJAJAYAKARAN SU                                                                  1 0
3200010001                                   P2P MOBILE                                                                      0 0
8039BE95645100416758                  EUR0000000000233790170325                                                                0
9               000007000000000013000000000000000000                                                                           1
0000018032564505                  ZANDD ENTERPRISES BV      JVBABE22   00712627128 00000                                       2
12040BE95645100416758                  EUR0000000000233790170325ZANDD ENTERPRISES BV      Zichtrekening professioneel        040
21000100002025-00079           10000000000382401803250050100001040901818601/PAYPAL                                 18032504001 0
2200010000                                                     1040901818601                      PPLXLUL2                   1 0
2300010000LU89751000135104200E                 PayPal Europe S.a.r.l. et Cie S.C.A                                           0 1
31000100012025-00079           005010001001PayPal Europe S.a.r.l. et Cie S.C.A                                               1 0
320001000122-24 Boulevard Royal, 2449 Luxembo                                                                                0 0
8040BE95645100416758                  EUR0000000000195550180325                                                                0
9               000007000000000038240000000000000000                                                                           1
0000019032564505                  ZANDD ENTERPRISES BV      JVBABE22   00712627128 00000                                       2
12041BE95645100416758                  EUR0000000000195550180325ZANDD ENTERPRISES BV      Zichtrekening professioneel        041
21000100002025-00080           10000000000095001903250040200000023236880101 18/03/25 14:02 P2P MOBILE RAJAJAYAKARAN19032504101 0
2200010000 SU                                                  666/4012437254/8                   KREDBEBB                   1 0
2300010000BE08735044205413                     RAJAJAYAKARAN SU                                                              0 1
31000100012025-00080           004020001001RAJAJAYAKARAN SU                                                                  1 0
3200010001                                   P2P MOBILE                                                                      0 0
8041BE95645100416758                  EUR0000000000186050190325                                                                0
9               000007000000000009500000000000000000                                                                           1
0000025032564505                  ZANDD ENTERPRISES BV      JVBABE22   00712627128 00000                                       2
12042BE95645100416758                  EUR0000000000186050190325ZANDD ENTERPRISES BV      Zichtrekening professioneel        042
21000100002025-00081           10000000001116002503250050100001041028359223 PAYPAL                                 25032504201 0
2200010000                                                     1041028359223 PAYPAL               DEUTDEFF                   1 0
2300010000DE88500700100175526303               PayPal (Europe) S.a r.l. et Cie, S.                                           0 1
31000100012025-00081           005010001001PayPal (Europe) S.a r.l. et Cie, S.C.A.                                           0 0
8042BE95645100416758                  EUR0000000000074450250325                                                                0
9               000006000000000111600000000000000000                                                                           2
