0000027052505005           5147535Khan Daniel               GKCCBEBB   00712627128 00000                                       2
12023BE39068955090319                  EUR0000000025236600230525ZANDD ENTERPRISES         PROF FORFAITAIRE REKENING          023
2100010000081965R230964        1000000000350450270525005010000Factuur 226430                                       27052502301 0
2200010000                                                     Factuur 226430                     GKCCBEBB                   1 0
2300010000BE71068952253269                     VASTACC                                                                       0 1
3100010001081965R230964        005010001001VASTACC                                                                           1 0
3200010001KUNSTLAAN 56                       1000 BRUSSEL                       BE                                           0 0
2100020000081965R230965        1000000000350450270525005010000Factuur 226640                                       27052502301 0
2200020000                                                     Factuur 226640                     GKCCBEBB                   1 0
2300020000BE71068952253269                     VASTACC                                                                       0 1
3100020001081965R230965        005010001001VASTACC                                                                           1 0
3200020001KUNSTLAAN 56                       1000 BRUSSEL                       BE                                           0 0
2100030000081965R230968        1000000000350450270525005010000Factuur 226879                                       27052502301 0
2200030000                                                     Factuur 226879                     GKCCBEBB                   1 0
2300030000BE71068952253269                     VASTACC                                                                       0 1
3100030001081965R230968        005010001001VASTACC                                                                           1 0
3200030001KUNSTLAAN 56                       1000 BRUSSEL                       BE                                           0 0
2100040000081965R094349        1000000001019800270525005010000SI25/150001                                          27052502301 0
2200040000                                                     SDD-1024513-15708024               GEBABEBB                   1 0
2300040000BE42001839300054                     VOLVO                                                                         0 0
8023BE39068955090319                  EUR0000000023165450270525                                                                0
9               000020000000002071150000000000000000                                                                           2
