0000023052505005           5143977Khan Daniel               GKCCBEBB   00712627128 00000                                       2
12022BE39068955090319                  EUR0000000005541280190525ZANDD ENTERPRISES         PROF FORFAITAIRE REKENING          022
2100010000495433171            0000000019821920230525001500000INV.NR.20250430.100.DSAK                             23052502201 0
2200010000                                                     00005589/310 2025-05-23            KREDBEBB           SUPP    1 0
2300010000BE83733052368815                     CRONOS EUROPA NV                                                              0 1
3100010001495433171            001500000STORTING VAN 230525FIDM003100                                                        0 1
3100010002495433171            001500001001CRONOS EUROPA NV                                                                  1 0
3200010002KUNSTLAAN            46   B5       1000    BRUSSEL                                                                 0 0
2100020000051RMINAL0000        1000000000126600230525004030000NL   23/05/25 14:51                                  23052502201 0
2200020000              525506XXXXXX4933Khan Daniel                                                                          1 0
2300020000                                     NS                                                                            0 1
3100020001051RMINAL0000        004030000BANCONTACT AANKOOP 5438                                                              0 1
3100020002051RMINAL0000        004030001001NS                                                                                1 0
3200020002                                   1012  AB   AMSTERDAM                                                            0 0
8022BE39068955090319                  EUR0000000025236600230525                                                                0
9               000014000000000126600000000019821920                                                                           2
