0000019052505005           5139774Khan Daniel               GKCCBEBB   00712627128 00000                                       2
12021BE39068955090319                  EUR0000000005690290130525ZANDD ENTERPRISES         PROF FORFAITAIRE REKENING          021
21000100000507342521403        1000000000149010190525004030000NL   19/05/25 14:16                                  19052502101 0
2200010000              525506XXXXXX4933Khan Daniel                                                                          1 0
2300010000                                     WORLDPAY BV                                                                   0 1
31000100010507342521403        004030000BANCONTACT AANKOOP 5402                                                              0 1
31000100020507342521403        004030001001WORLDPAY BV                                                                       1 0
3200010002                                   1082  MD   AMSTERDAM                                                            0 0
8021BE39068955090319                  EUR0000000005541280190525                                                                0
9               000008000000000149010000000000000000                                                                           2
