0000013052505005           5133997Khan Daniel               GKCCBEBB   00712627128 00000                                       2
12020BE39068955090319                  EUR0000000006893790120525ZANDD ENTERPRISES         PROF FORFAITAIRE REKENING          020
2100010000090184305D063        1000000001019800130525002010000Huurfactuur SI25/081119                              13052502001 0
2200010000                                                                                        GEBABEBB                   1 0
2300010000BE42001839300054                     Alpha Credit NV                                                               0 1
3100010001090184305D063        002010000INSTANT OVERSCHRIJVING 001 184305D063                                                0 1
3100010002090184305D063        002010001001Alpha Credit NV                                                                   1 0
3200010002Warandeberg 8 Bus 3                1000 BRUSSEL                       BE                                           0 0
2100020000051RMINAL0000        1000000000183700130525004030000NL   13/05/25 13:01                                  13052502001 0
2200020000              525506XXXXXX4933Khan Daniel                                                                          1 0
2300020000                                     NS                                                                            0 1
3100020001051RMINAL0000        004030000BANCONTACT AANKOOP 5347                                                              0 1
3100020002051RMINAL0000        004030001001NS                                                                                1 0
3200020002                                   1012  AB   AMSTERDAM                                                            0 0
8020BE39068955090319                  EUR0000000005690290130525                                                                0
9               000014000000001203500000000000000000                                                                           2
