0000007052505005           5127920Khan Daniel               GKCCBEBB   00712627128 00000                                       2
12017BE39068955090319                  EUR0000000025388510060525ZANDD ENTERPRISES         PROF FORFAITAIRE REKENING          017
21000100000817056011439        1000000000008970010525380090000                                                     07052501710 1
31000100010817056011439        380090000BELFIUS BANK N.V.                   ZANDD ENTERPRISES                                0 1
31000100020817056011439        380090000KAREL ROGIERPLEIN 11                                                                 0 1
31000100030817056011439        380090000B-1210 BRUSSEL                                                                       0 1
31000100040817056011439        380090000RPR BRUSSEL                         GELLIKERWEG 122                                  0 1
31000100050817056011439        380090000BTW BE 0403.201.185                 3620 LANAKEN                                     0 1
31000100060817056011439        380090000FACTUUR NR        64022876          BTW  BE0712627128                                0 1
31000100070817056011439        380090000VERZENDINGSKOSTEN VOOR UW BANKBERICHTEN                                              0 1
31000100080817056011439        38009000001.05.2025                                                                           0 1
31000100090817056011439        380090000VRIJSTELLING - ART. 44, P.3, 7  BTW-WETBOEK                                          0 1
31000100100817056011439        380090000BEDRAG ZONDER BTW              8,97 EUR                                              0 1
31000100110817056011439        380090000BTW  ( 00.00% )                0,00 EUR                                              0 1
31000100120817056011439        380090000TOTAAL BEDRAG                  8,97 EUR                                              0 1
31000100130817056011439        380090000VANDAAG AFGENOMEN VAN UW REKENING.                                                   0 0
21000100140817056011439        10000000000089700105258800910011060000000000089700000000000000000000000000002000000007052501711 0
220001001400000000                                                                                                           0 0
21000200000817056021022        1000000000004840060525380020000                                                     07052501710 1
31000200010817056021022        380020000BELFIUS BANK N.V.                   ZANDD ENTERPRISES                                0 1
31000200020817056021022        380020000KAREL ROGIERPLEIN 11                                                                 0 1
31000200030817056021022        380020000B-1210 BRUSSEL                                                                       0 1
31000200040817056021022        380020000RPR BRUSSEL                         GELLIKERWEG 122                                  0 1
31000200050817056021022        380020000BTW BE 0403.201.185                 3620 LANAKEN                                     0 1
31000200060817056021022        380020000FACTUUR NR        64022894          BTW  BE0712627128                                0 1
31000200070817056021022        380020000KOSTEN CODA/XML REPORTING                                                            0 1
31000200080817056021022        38002000006.05.2025                                                                           0 1
31000200090817056021022        380020000BEDRAG ZONDER BTW              4,00 EUR                                              0 1
31000200100817056021022        380020000BTW  ( 21.00% )                0,84 EUR                                              0 1
31000200110817056021022        380020000TOTAAL BEDRAG                  4,84 EUR                                              0 1
31000200120817056021022        380020000VANDAAG AFGENOMEN VAN UW REKENING.                                                   0 0
21000200130817056021022        10000000000040000605258800210011060000000000040000000000000000000000000000002000000007052501701 0
220002001300000000                                                                                                           0 0
21000200140817056021022        10000000000008400605258800201111060000000000008400000000000040000021000000002000000007052501711 0
220002001400000000                                                                                                           0 0
21000300000817056043563        1000000000003860010525335370000                                                     07052501710 1
31000300010817056043563        335370000BELFIUS BANK N.V.                   ZANDD ENTERPRISES                                0 1
31000300020817056043563        335370000KAREL ROGIERPLEIN 11                                                                 0 1
31000300030817056043563        335370000B-1210 BRUSSEL                                                                       0 1
31000300040817056043563        335370000RPR BRUSSEL                         GELLIKERWEG 122                                  0 1
31000300050817056043563        335370000BTW BE 0403.201.185                 3620 LANAKEN                                     0 1
31000300060817056043563        335370000FACTUUR NR        64022885          BTW  BE0712627128                                0 1
31000300070817056043563        335370000BEHEERSKOSTEN VAN UW PACK                                                            0 1
31000300080817056043563        335370000BEDRAG ZONDER BTW     ( BASIS 21.00 )           1,71 EUR                             0 1
31000300090817056043563        335370000BEDRAG ZONDER BTW     ( BASIS 00.00 )           1,79 EUR                             0 1
31000300100817056043563        3353700000% SERV.ART44, P1,1                                                                  0 1
31000300110817056043563        335370000BTW  ( 21.00% )                0,36 EUR                                              0 1
31000300120817056043563        335370000TOTAAL BEDRAG                                   3,86                                 0 1
31000300130817056043563        335370000VANDAAG AFGENOMEN VAN UW REKENING.                                                   0 0
21000300140817056043563        10000000000035000105258353710011060000000000035000000000000000000000000000002000000007052501701 0
220003001400000000                                                                                                           0 0
21000300150817056043563        10000000000003600105258353701111060000000000003600000000000017100021000000002000000007052501711 0
220003001500000000                                                                                                           0 0
21000400000901860457054        1000000000724500070525002010000Guest name Mr. Daniel Khan; Arrival 04.06.2025 ;  Dep07052501701 0
2200040000arture 08.06.2025                                                                       BELADEBE                   1 0
2300040000DE10100500006750024040               Ku'Damm 101                                                                   0 1
31000400010901860457054        002010000INSTANT OVERSCHRIJVING 100 1860457054                                                0 1
31000400020901860457054        002010001001Ku'Damm 101                                                                       1 0
3200040002KURFURSTENDAMM 101                 10711 BERLIN                       DE                                           0 0
21000500000901887557067        1000000017000000070525001010000Lening renovatie huis.                               07052501701 0
2200050000                                                                                        GKCCBEBB                   1 0
2300050000BE40063785246963                     Daniel Khan (BELF)                                                            0 1
31000500010901887557067        001010000OVERSCHRIJVING NAAR 063 1887557067                                                   0 1
31000500020901887557067        001010001001Daniel Khan (BELF)                                                                1 0
3200050002Brusselsesteenweg 614              3090 OVERIJSE                      BE                                           0 0
8017BE39068955090319                  EUR0000000007646340070525                                                                0
9               000065000000017742170000000000000000                                                                           2
