0000014042505005           5104890Khan Daniel               GKCCBEBB   00712627128 00000                                       2
12007BE39068955090319                  EUR0000000040711060040425ZANDD ENTERPRISES         PROF FORFAITAIRE REKENING          007
2100010000090186074E082        1000000010750000140425002010001101071262712841                                      14042500701 0
2200010000                                                                                        PCHQBEBB                   1 0
2300010000BE22679200300047                     dienst btw-ontvangsten Brussel                                                0 1
3100010001090186074E082        002010000INSTANT OVERSCHRIJVING 679 186074E082                                                0 1
3100010002090186074E082        002010001001dienst btw-ontvangsten Brussel                                                    1 0
3200010002Gaston Crommenlaan 6 bus 565       9050 Gent                          BE                                           0 0
2100020000090187534D049        1000000014000000130425001010000Rekening Courant t.b.v. verbouwen huis               14042500701 0
2200020000                                                                                        GKCCBEBB                   1 0
2300020000BE40063785246963                     Daniel en Zsuzsanna Takacs-Khan                                               0 1
3100020001090187534D049        001010000OVERSCHRIJVING NAAR 063 187534D049                                                   0 0
8007BE39068955090319                  EUR0000000015961060140425                                                                1
4 00010000                      WIJZIGING VAN HET REGLEMENT VAN DE DEBETKAARTEN                                                1
4 00010001                      HET REGLEMENT VAN DE DEBETKAARTEN WORDT AANGEPAST.                                             1
4 00010002                      DE WIJZIGINGEN WORDEN VAN KRACHT OP 14-04-2025.                                                1
4 00010003                      GELIEVE KENNIS TE NEMEN VAN HET NIEUWE REGLEMENT OP                                            1
4 00010004                      BELFIUS.BE/REGLEMENTEN.                                                                        1
4 00010005                      MEER INFO? VRAGEN? NEEM GERUST CONTACT OP MET UW                                               1
4 00010006                      BUSINESS BANKING-SPECIALIST.                                                                   0
9               000012000000024750000000000000000000                                                                           2
