0000024032505005           5083739Khan Daniel               GKCCBEBB   00712627128 00000                                       2
12001BE39068955090319                  EUR0000000027963060120325ZANDD ENTERPRISES         PROF FORFAITAIRE REKENING          001
2100010000417873105            0000000000000010240325001500000PP.3615.PP/YYR1041078663931                          24032500101 0
2200010000                                                     YYR1041078663931                   PPLXLUL2                   1 0
2300010000LU89751000135104200E                 PayPal Europe S.a.r.l. et Cie S.C.A                                           0 1
3100010001417873105            001500000STORTING VAN YYR1041078663931                                                        0 1
3100010002417873105            001500001001PayPal Europe S.a.r.l. et Cie S.C.A                                               1 0
320001000222-24 Boulevard Royal, 2449 Luxembo                                                                                0 0
21000200000050115411956        1000000000005000230325004030000NL   23/03/25 19:04                                  24032500101 0
2200020000              525506XXXXXX4933Khan Daniel                                                                          1 0
2300020000                                     NUVEI GLOBAL SERVICES                                                         0 1
31000200010050115411956        004030000BANCONTACT AANKOOP 4892                                                              0 1
31000200020050115411956        004030001001NUVEI GLOBAL SERVICES                                                             1 0
3200020002                                   1081  KL    AMSTERDAM                                                           0 0
8001BE39068955090319                  EUR0000000027958070240325                                                                0
9               000014000000000005000000000000000010                                                                           2
