0000008052505005           5128906Khan Daniel               GKCCBEBB   00712627128 00000                                       2
12018BE39068955090319                  EUR0000000007646340070525ZANDD ENTERPRISES         PROF FORFAITAIRE REKENING          018
21000100000473025000659        1000000000334980080525004030000NL   08/05/25 08:25                                  08052501801 0
2200010000              525506XXXXXX4933Khan Daniel                                                                          1 0
2300010000                                     DE NOTENSHOP B.V                                                              0 1
31000100010473025000659        004030000BANCONTACT AANKOOP 5299                                                              0 1
31000100020473025000659        004030001001DE NOTENSHOP B.V                                                                  1 0
3200010002                                   3291  CR    STRIJEN                                                             0 0
21000200000013000811651        1000000000263570080525004020000BE   08/05/25 16:02                                  08052501801 0
2200020000              525506XXXXXX4933Khan Daniel                                                                          1 0
2300020000                                     VOLVO ST STEVENS WOLUW                                                        0 1
31000200010013000811651        004020000BANCONTACT AANKOOP 5304                                                              0 1
31000200020013000811651        004020001001VOLVO ST STEVENS WOLUW                                                            1 0
3200020002                                   1932  SINT-STEVENS-                                                             0 0
8018BE39068955090319                  EUR0000000007047790080525                                                                0
9               000014000000000598550000000000000000                                                                           2
