0000017042505005           5107824Khan Daniel               GKCCBEBB   00712627128 00000                                       2
12009BE39068955090319                  EUR0000000013439080150425ZANDD ENTERPRISES         PROF FORFAITAIRE REKENING          009
2100010000081964H130383        1000000000350450170425005010000Factuur 226430                                       17042500901 0
2200010000                                                     Factuur 226430                     GKCCBEBB                   1 0
2300010000BE71068952253269                     VASTACC                                                                       0 1
3100010001081964H130383        005010001001VASTACC                                                                           1 0
3200010001KUNSTLAAN 56                       1000 BRUSSEL                       BE                                           0 0
2100020000081964H127642        1000000000350450170425005010000Factuur 226640                                       17042500901 0
2200020000                                                     Factuur 226640                     GKCCBEBB                   1 0
2300020000BE71068952253269                     VASTACC                                                                       0 1
3100020001081964H127642        005010001001VASTACC                                                                           1 0
3200020001KUNSTLAAN 56                       1000 BRUSSEL                       BE                                           0 0
8009BE39068955090319                  EUR0000000012738180170425                                                                0
9               000012000000000700900000000000000000                                                                           2
