0000025042505005           5115472Khan Daniel               GKCCBEBB   00712627128 00000                                       2
12011BE39068955090319                  EUR0000000011689440230425ZANDD ENTERPRISES         PROF FORFAITAIRE REKENING          011
2100010000459873476            0000000022653620250425001500000INV.NR.20250331.099.DSAK                             25042501101 0
2200010000                                                     00005554/291 2025-04-25            KREDBEBB           SUPP    1 0
2300010000BE83733052368815                     CRONOS EUROPA NV                                                              0 1
3100010001459873476            001500000STORTING VAN 250425SIAT002910                                                        0 1
3100010002459873476            001500001001CRONOS EUROPA NV                                                                  1 0
3200010002KUNSTLAAN            46   B5       1000    BRUSSEL                                                                 0 0
8011BE39068955090319                  EUR0000000034343060250425                                                                0
9               000008000000000000000000000022653620                                                                           2
