0000028032505005           5087844Khan Daniel               GKCCBEBB   00712627128 00000                                       2
12003BE39068955090319                  EUR0000000027753440260325ZANDD ENTERPRISES         PROF FORFAITAIRE REKENING          003
2100010000425885297            0000000022156190280325001500000INV.NR.20250228.097.DSAK, INV.NR.20250228.096.DSAK, I28032500301 0
2200010000NV.NR.20250228.098.DSAK                              00005519/160 2025-03-28            KREDBEBB           SUPP    1 0
2300010000BE83733052368815                     CRONOS EUROPA NV                                                              0 1
3100010001425885297            001500000STORTING VAN 280325FGDE001600                                                        0 1
3100010002425885297            001500001001CRONOS EUROPA NV                                                                  1 0
3200010002KUNSTLAAN            46   B5       1000    BRUSSEL                                                                 0 0
2100020000090180253S021        1000000000256690280325001010000Salaris Maart 2025                                   28032500301 0
2200020000                                                                                        KREDBEBB                   1 0
2300020000BE79734071733933                     TAKACS ZSUZSANNA                                                              0 1
3100020001090180253S021        001010000OVERSCHRIJVING NAAR 734 180253S021                                                   0 1
3100020002090180253S021        001010001001TAKACS ZSUZSANNA                                                                  1 0
3200020002Brusselsesteenweg 614              3090 OVERIJSE                      BE                                           0 0
2100030000090183003S012        1000000000341410280325001010001101036398695278                                      28032500301 0
2200030000                                                                                        GEBABEBB                   1 0
2300030000BE22210005809847                     NV Pluxee Belgium SA                                                          0 1
3100030001090183003S012        001010000OVERSCHRIJVING NAAR 210 183003S012                                                   0 1
3100030002090183003S012        001010001001NV Pluxee Belgium SA                                                              1 0
3200030002Rue Ravenstein 36                  1000 BRUSSEL                       BE                                           0 0
2100040000090187573S017        1000000004143520280325001010000Salaris Maart 2025                                   28032500301 0
2200040000                                                                                        GKCCBEBB                   1 0
2300040000BE40063785246963                     Daniel en Zsuzsanna Takacs-Khan                                               0 1
3100040001090187573S017        001010000OVERSCHRIJVING NAAR 063 187573S017                                                   0 1
3100040002090187573S017        001010001001Daniel en Zsuzsanna Takacs-Khan                                                   1 0
3200040002Brusselsesteenweg 614              3090 OVERIJSE                      BE                                           0 0
8003BE39068955090319                  EUR0000000045168010280325                                                                0
9               000026000000004741620000000022156190                                                                           2
