0000030042505005           5120224Khan Daniel               GKCCBEBB   00712627128 00000                                       2
12013BE39068955090319                  EUR0000000029942850280425ZANDD ENTERPRISES         PROF FORFAITAIRE REKENING          013
2100010000080074T132745        1000000001800000300425001030000                                                     30042501301 0
2200010000                                                                                        KREDBEBB                   1 0
2300010000BE35737056463137                     OLISLAEGERS VASTGOED NV                                                       0 0
8013BE39068955090319                  EUR0000000028142850300425                                                                0
9               000005000000001800000000000000000000                                                                           2
