0000026032505005           5085528Khan Daniel               GKCCBEBB   00712627128 00000                                       2
12002BE39068955090319                  EUR0000000027958070240325ZANDD ENTERPRISES         PROF FORFAITAIRE REKENING          002
2100010000081963Q140864        10000000002046302603250050100001041091308259/PAYPAL                                 26032500201 0
2200010000                                                     1041091308259                      PPLXLUL2                   1 0
2300010000LU89751000135104200E                 PayPal Europe S.a.r.l. et Cie S.C.A                                           0 0
8002BE39068955090319                  EUR0000000027753440260325                                                                0
9               000005000000000204630000000000000000                                                                           2
