0000028042505005           5118251Khan Daniel               GKCCBEBB   00712627128 00000                                       2
12012BE39068955090319                  EUR0000000034343060250425ZANDD ENTERPRISES         PROF FORFAITAIRE REKENING          012
2100010000090541964Q373        1000000004143520260425001010000Salaris April 2025                                   28042501201 0
2200010000                                                                                        GKCCBEBB                   1 0
2300010000BE40063785246963                     Khan D-Takacs Z                                                               0 1
3100010001090541964Q373        001010000OVERSCHRIJVING NAAR 063 541964Q373                                                   0 0
2100020000090542274Q379        1000000000256690280425001010000Salaris April 2025                                   28042501201 0
2200020000                                                                                        KREDBEBB                   1 0
2300020000BE79734071733933                     TAKACS ZSUZSANNA                                                              0 1
3100020001090542274Q379        001010000OVERSCHRIJVING NAAR 734 542274Q379                                                   0 0
8012BE39068955090319                  EUR0000000029942850280425                                                                0
9               000010000000004400210000000000000000                                                                           2
