0000002062505005           5153846Khan Daniel               GKCCBEBB   00712627128 00000                                       2
12024BE39068955090319                  EUR0000000023165450270525ZANDD ENTERPRISES         PROF FORFAITAIRE REKENING          024
2100010000080075T067034        1000000001800000300525001030000                                                     02062502401 0
2200010000                                                                                        KREDBEBB                   1 0
2300010000BE35737056463137                     OLISLAEGERS VASTGOED NV                                                       0 0
2100020000090180515U116        10000000003000003005250010100001-FON-009                                            02062502401 0
2200020000                                                                                        HPBZHR2X                   1 0
2300020000HR8623900013223425499                BANGIT, obrt za informati?ke usluge                                           0 1
3100020001090180515U116        001010000OVERSCHRIJVING NAAR 239 180515U116                                                   0 1
3100020002090180515U116        001010001001BANGIT, obrt za informati?ke usluge i trgovinu                                    1 0
3200020002Donji Karin 134                    23452 Donji Karin                  HR                                           0 0
21000300000901813961052        1000000000834080010625001010000declaraties mei 2025 : EXP.31015025.005.DSAK         02062502401 0
2200030000                                                                                        GKCCBEBB                   1 0
2300030000BE40063785246963                     Daniel Khan (BELF)                                                            0 1
31000300010901813961052        001010000OVERSCHRIJVING NAAR 063 1813961052                                                   0 1
31000300020901813961052        001010001001Daniel Khan (BELF)                                                                1 0
3200030002Brusselsesteenweg 614              3090 OVERIJSE                      BE                                           0 0
21000400000901823161050        1000000000585000010625001010000Declarties April 2025 : EXP.30042025.004.DSAK        02062502401 0
2200040000                                                                                        GKCCBEBB                   1 0
2300040000BE40063785246963                     Daniel Khan (BELF)                                                            0 1
31000400010901823161050        001010000OVERSCHRIJVING NAAR 063 1823161050                                                   0 1
31000400020901823161050        001010001001Daniel Khan (BELF)                                                                1 0
3200040002Brusselsesteenweg 614              3090 OVERIJSE                      BE                                           0 0
2100050000090182765V037        1000000000935570020625001010001101425071407355                                      02062502401 0
2200050000                                                                                        BBRUBEBB                   1 0
2300050000BE17310001380621                     PARTENA SVZ                                                                   0 1
3100050001090182765V037        001010000OVERSCHRIJVING NAAR 310 182765V037                                                   0 1
3100050002090182765V037        001010001001PARTENA SVZ                                                                       1 0
3200050002PB 21000                           1000 BRUSSEL                       BE                                           0 0
21000600000901845761065        1000000000059100020625001010000E0400VYB2U                                           02062502401 0
2200060000                                                                                        CITIGB2L                   1 0
2300060000GB31CITI18500812207591               MICROSOFT IRELAND OPERATIONS LIMITE                                           0 1
31000600010901845761065        001010000OVERSCHRIJVING NAAR CIT 1845761065                                                   0 1
31000600020901845761065        001010001001MICROSOFT IRELAND OPERATIONS LIMITED                                              1 0
3200060002Leopardstown, 18                   D18 P521 Dublin                    IE                                           0 0
21000700000901853761068        1000000000082210020625001010000referentie 200614164763                              02062502401 0
2200070000                                                                                        BBRUBEBB                   1 0
2300070000BE18363225740965                     EDPNET Belgium BV                                                             0 1
31000700010901853761068        001010000OVERSCHRIJVING NAAR 363 1853761068                                                   0 1
31000700020901853761068        001010001001EDPNET Belgium BV                                                                 1 0
3200070002Bellestraat 30                     9100 SINT-NIKLAAS                  BE                                           0 0
21000800000901870361078        1000000000049190020625001010000E0400VNN3I                                           02062502401 0
2200080000                                                                                        CITIGB2L                   1 0
2300080000GB31CITI18500812207591               MICROSOFT IRELAND OPERATIONS LIMITE                                           0 1
31000800010901870361078        001010000OVERSCHRIJVING NAAR CIT 1870361078                                                   0 1
31000800020901870361078        001010001001MICROSOFT IRELAND OPERATIONS LIMITED                                              1 0
3200080002Leopardstown, 18                   D18 P521 Dublin                    IE                                           0 0
2100090000090187385T071        1000000000350090290525001010001101036507723682                                      02062502401 0
2200090000                                                                                        GEBABEBB                   1 0
2300090000BE22210005809847                     NV Pluxee Belgium SA                                                          0 1
3100090001090187385T071        001010000OVERSCHRIJVING NAAR 210 187385T071                                                   0 1
3100090002090187385T071        001010001001NV Pluxee Belgium SA                                                              1 0
3200090002Ravensteinstraat 36                1000 BRUSSEL                       BE                                           0 0
2100100000090189775U115        10000000003000003005250010100001-FON-011                                            02062502401 0
2200100000                                                                                        HPBZHR2X                   1 0
2300100000HR8623900013223425499                BANGIT, obrt za informati?ke usluge                                           0 1
3100100001090189775U115        001010000OVERSCHRIJVING NAAR 239 189775U115                                                   0 1
3100100002090189775U115        001010001001BANGIT, obrt za informati?ke usluge i trgovinu                                    1 0
3200100002Donji Karin 134                    23452 Donji Karin                  HR                                           0 0
2100110000090540545V347        1000000000300000020625001010000Aanvullen liquiditeit breda                          02062502401 0
2200110000                                                                                        JVBABE22                   1 0
2300110000BE95645100416758                     ZANDD ENTERPRISES                                                             0 1
3100110001090540545V347        001010000OVERSCHRIJVING NAAR 645 540545V347                                                   0 0
2100120000090544755V356        1000000000280000310525001010001101675040446862                                      02062502401 0
2200120000                                                                                        GKCCBEBB                   1 0
2300120000BE90096928000132                     De Watergroep                                                                 0 1
3100120001090544755V356        001010000OVERSCHRIJVING NAAR 096 544755V356                                                   0 0
2100130000090546125V695        1000000000379320310525001010000FO385089                                             02062502401 0
2200130000                                                                                        GKCCBEBB                   1 0
2300130000BE33068235808946                     SPRL ALTERIUS                                                                 0 1
3100130001090546125V695        001010000OVERSCHRIJVING NAAR 068 546125V695                                                   0 0
2100140000090548125T363        1000000004143520290525001010000Salaris Mei 2025                                     02062502401 0
2200140000                                                                                        GKCCBEBB                   1 0
2300140000BE40063785246963                     Khan D-Takacs Z                                                               0 1
3100140001090548125T363        001010000OVERSCHRIJVING NAAR 063 548125T363                                                   0 0
2100150000090549365V658        1000000000644630310525001010000FO385153                                             02062502401 0
2200150000                                                                                        GKCCBEBB                   1 0
2300150000BE33068235808946                     SPRL ALTERIUS                                                                 0 1
3100150001090549365V658        001010000OVERSCHRIJVING NAAR 068 549365V658                                                   0 0
2100160000090549965T357        1000000000256690290525001010000Salaris Mei 2025                                     02062502401 0
2200160000                                                                                        KREDBEBB                   1 0
2300160000BE79734071733933                     TAKACS ZSUZSANNA                                                              0 1
3100160001090549965T357        001010000OVERSCHRIJVING NAAR 734 549965T357                                                   0 0
8024BE39068955090319                  EUR0000000011866050020625                                                                0
9               000083000000011299400000000000000000                                                                           2
