0000012052505005           5132869Khan Daniel               GKCCBEBB   00712627128 00000                                       2
12019BE39068955090319                  EUR0000000007047790080525ZANDD ENTERPRISES         PROF FORFAITAIRE REKENING          019
2100010000051RMINAL0000        1000000000154000090525004030000NL   09/05/25 22:51                                  12052501901 0
2200010000              525506XXXXXX4933Khan Daniel                                                                          1 0
2300010000                                     NS                                                                            0 1
3100010001051RMINAL0000        004030000BANCONTACT AANKOOP 5316                                                              0 1
3100010002051RMINAL0000        004030001001NS                                                                                1 0
3200010002                                   1012  AB   AMSTERDAM                                                            0 0
8019BE39068955090319                  EUR0000000006893790120525                                                                0
9               000008000000000154000000000000000000                                                                           2
