0000005052505005           5125924Khan Daniel               GKCCBEBB   00712627128 00000                                       2
12015BE39068955090319                  EUR0000000027265350020525ZANDD ENTERPRISES         PROF FORFAITAIRE REKENING          015
21000100000901817554018        1000000000320600050525001010001101036468945510                                      05052501501 0
2200010000                                                                                        GEBABEBB                   1 0
2300010000BE22210005809847                     NV Pluxee Belgium SA                                                          0 1
31000100010901817554018        001010000OVERSCHRIJVING NAAR 210 1817554018                                                   0 1
31000100020901817554018        001010001001NV Pluxee Belgium SA                                                              1 0
3200010002Ravensteinstraat 36                1000                               BE                                           0 0
21000200000901853054027        1000000000156820040525001010001101015250374756                                      05052501501 0
2200020000                                                                                        GKCCBEBB                   1 0
2300020000BE14068902513083                     The Waterpurifier                                                             0 1
31000200010901853054027        001010000OVERSCHRIJVING NAAR 068 1853054027                                                   0 1
31000200020901853054027        001010001001The Waterpurifier                                                                 1 0
3200020002Genebroekstraat 82                 3581 BEVERLO                       BE                                           0 0
21000300000901853855006        1000000000164000050525001010000Zakelijke huur Gellikerweg 122, 3620 Lanaken 04-2025 05052501501 0
2200030000                                                                                        GKCCBEBB                   1 0
2300030000BE40063785246963                     Daniel Khan (BELF)                                                            0 1
31000300010901853855006        001010000OVERSCHRIJVING NAAR 063 1853855006                                                   0 1
31000300020901853855006        001010001001Daniel Khan (BELF)                                                                1 0
3200030002Brusselsesteenweg 614              3090 OVERIJSE                      BE                                           0 0
21000400000901874355005        1000000000164000050525001010000Zakelijke huur Gellikerweg 122, 3620 Lanaken 05-2025 05052501501 0
2200040000                                                                                        GKCCBEBB                   1 0
2300040000BE40063785246963                     Daniel Khan (BELF)                                                            0 1
31000400010901874355005        001010000OVERSCHRIJVING NAAR 063 1874355005                                                   0 1
31000400020901874355005        001010001001Daniel Khan (BELF)                                                                1 0
3200040002Brusselsesteenweg 614              3090 OVERIJSE                      BE                                           0 0
21000500000901888955003        1000000000164000050525001010000Zakelijke Huur Gellikerweg 122, 3620 Lanaken 02-2025 05052501501 0
2200050000                                                                                        GKCCBEBB                   1 0
2300050000BE40063785246963                     Daniel Khan (BELF)                                                            0 1
31000500010901888955003        001010000OVERSCHRIJVING NAAR 063 1888955003                                                   0 1
31000500020901888955003        001010001001Daniel Khan (BELF)                                                                1 0
3200050002Brusselsesteenweg 614              3090 OVERIJSE                      BE                                           0 0
21000600000901898055007        1000000000164000050525001010000Zakelijke huur Gellikerweg 122, 3620 Lanaken 03-2025 05052501501 0
2200060000                                                                                        GKCCBEBB                   1 0
2300060000BE40063785246963                     Daniel Khan (BELF)                                                            0 1
31000600010901898055007        001010000OVERSCHRIJVING NAAR 063 1898055007                                                   0 1
31000600020901898055007        001010001001Daniel Khan (BELF)                                                                1 0
3200060002Brusselsesteenweg 614              3090 OVERIJSE                      BE                                           0 0
2100070000352674014111         10000000000500000505250040400004206849      05/05 16:05 SSB OUDERGEM-VORSTLAAN 116 S05052501501 0
2200070000SB            5255060420684933Khan Daniel                                                                          0 0
8015BE39068955090319                  EUR0000000026081930050525                                                                0
9               000040000000001183420000000000000000                                                                           2
