0000031032505005           5090525Khan Daniel               GKCCBEBB   00712627128 00000                                       2
12004BE39068955090319                  EUR0000000045168010280325ZANDD ENTERPRISES         PROF FORFAITAIRE REKENING          004
2100010000080073S160999        1000000001800000310325001030000                                                     31032500401 0
2200010000                                                                                        KREDBEBB                   1 0
2300010000BE35737056463137                     OLISLAEGERS VASTGOED NV                                                       0 0
8004BE39068955090319                  EUR0000000043368010310325                                                                0
9               000005000000001800000000000000000000                                                                           2
