0000023042505005           5113229Khan Daniel               GKCCBEBB   00712627128 00000                                       2
12010BE39068955090319                  EUR0000000012738180170425ZANDD ENTERPRISES         PROF FORFAITAIRE REKENING          010
2100010000090182654N184        1000000000474720230425001010001101157725817453                                      23042501001 0
2200010000                                                                                        BBRUBEBB                   1 0
2300010000BE09363065981157                     ACB WOLUWE                                                                    0 1
3100010001090182654N184        001010000OVERSCHRIJVING NAAR 363 182654N184                                                   0 1
3100010002090182654N184        001010001001ACB WOLUWE                                                                        1 0
3200010002Leuvensesteenweg 430               1930 ZAVENTEM                      BE                                           0 0
2100020000090185054N162        1000000000029150230425001010001101625411617648                                      23042501001 0
2200020000                                                                                        KREDBEBB                   1 0
2300020000BE56435410980188                     Liantis Sociaal Verzekeringsfonds v                                           0 1
3100020001090185054N162        001010000OVERSCHRIJVING NAAR 435 185054N162                                                   0 1
3100020002090185054N162        001010001001Liantis Sociaal Verzekeringsfonds vzw                                             1 0
3200020002Willebroekkaai 37                  1000 BRUSSEL                       BE                                           0 0
2100030000090189394N180        1000000000544870230425001010001101036444874554                                      23042501001 0
2200030000                                                                                        GEBABEBB                   1 0
2300030000BE22210005809847                     NV Pluxee Belgium SA                                                          0 1
3100030001090189394N180        001010000OVERSCHRIJVING NAAR 210 189394N180                                                   0 1
3100030002090189394N180        001010001001NV Pluxee Belgium SA                                                              1 0
3200030002Rue Ravenstein 36                  1000 BRUSSEL                       BE                                           0 0
8010BE39068955090319                  EUR0000000011689440230425                                                                0
9               000020000000001048740000000000000000                                                                           2
