0000016062505005           5167132Khan Daniel               GKCCBEBB   00712627128 00000                                       2
12027BE39068955090319                  EUR0000000011302520100625ZANDD ENTERPRISES         PROF FORFAITAIRE REKENING          027
2100010000081966G436683        1000000000356500160625005010000Factuur 227088                                       16062502701 0
2200010000                                                     Factuur 227088                     GKCCBEBB                   1 0
2300010000BE71068952253269                     VASTACC                                                                       0 1
3100010001081966G436683        005010001001VASTACC                                                                           1 0
3200010001KUNSTLAAN 56                       1000 BRUSSEL                       BE                                           0 0
8027BE39068955090319                  EUR0000000010946020160625                                                                0
9               000007000000000356500000000000000000                                                                           2
