0000006052505005           5126581Khan Daniel               GKCCBEBB   00712627128 00000                                       2
12016BE39068955090319                  EUR0000000026081930050525ZANDD ENTERPRISES         PROF FORFAITAIRE REKENING          016
21000100000057341301245        1000000000693420060525004030000BE   06/05/25 12:55                                  06052501601 0
2200010000              525506XXXXXX4933Khan Daniel                                                                          1 0
2300010000                                     BRUSSELS AIRLINES NV/S                                                        0 1
31000100010057341301245        004030000BANCONTACT AANKOOP 5284                                                              0 1
31000100020057341301245        004030001001BRUSSELS AIRLINES NV/S                                                            1 0
3200010002                                   1930  ZAVENTEM                                                                  0 0
8016BE39068955090319                  EUR0000000025388510060525                                                                0
9               000008000000000693420000000000000000                                                                           2
