0000001042505005           5091788Khan Daniel               GKCCBEBB   00712627128 00000                                       2
12005BE39068955090319                  EUR0000000043368010310325ZANDD ENTERPRISES         PROF FORFAITAIRE REKENING          005
2100010000090180173V193        1000000001296130010425001010000Declaraties =  EXP.28022025.002.DSAK                 01042500501 0
2200010000                                                                                        JVBABE22                   1 0
2300010000BE17645105243621                     Takacs-khan Breda                                                             0 1
3100010001090180173V193        001010000OVERSCHRIJVING NAAR 645 180173V193                                                   0 1
3100010002090180173V193        001010001001Takacs-khan Breda                                                                 1 0
3200010002Brusselsesteenweg 614              3090 OVERIJSE                      BE                                           0 0
2100020000090180633V221        1000000001343150010425001010000Declaraties EXP.31032025.003.DSAK                    01042500501 0
2200020000                                                                                        JVBABE22                   1 0
2300020000BE17645105243621                     Takacs-khan Breda                                                             0 1
3100020001090180633V221        001010000OVERSCHRIJVING NAAR 645 180633V221                                                   0 1
3100020002090180633V221        001010001001Takacs-khan Breda                                                                 1 0
3200020002Brusselsesteenweg 614              3090 OVERIJSE                      BE                                           0 0
8005BE39068955090319                  EUR0000000040728730010425                                                                0
9               000014000000002639280000000000000000                                                                           2
