0000004042505005           5094946Khan Daniel               GKCCBEBB   00712627128 00000                                       2
12006BE39068955090319                  EUR0000000040728730010425ZANDD ENTERPRISES         PROF FORFAITAIRE REKENING          006
21000100000817043014490        1000000000008970010425380090000                                                     04042500610 1
31000100010817043014490        380090000BELFIUS BANK N.V.                   ZANDD ENTERPRISES                                0 1
31000100020817043014490        380090000KAREL ROGIERPLEIN 11                                                                 0 1
31000100030817043014490        380090000B-1210 BRUSSEL                                                                       0 1
31000100040817043014490        380090000RPR BRUSSEL                         GELLIKERWEG 122                                  0 1
31000100050817043014490        380090000BTW BE 0403.201.185                 3620 LANAKEN                                     0 1
31000100060817043014490        380090000FACTUUR NR        63347311          BTW  BE0712627128                                0 1
31000100070817043014490        380090000VERZENDINGSKOSTEN VOOR UW BANKBERICHTEN                                              0 1
31000100080817043014490        38009000001.04.2025                                                                           0 1
31000100090817043014490        380090000VRIJSTELLING - ART. 44, P.3, 7  BTW-WETBOEK                                          0 1
31000100100817043014490        380090000BEDRAG ZONDER BTW              8,97 EUR                                              0 1
31000100110817043014490        380090000BTW  ( 00.00% )                0,00 EUR                                              0 1
31000100120817043014490        380090000TOTAAL BEDRAG                  8,97 EUR                                              0 1
31000100130817043014490        380090000VANDAAG AFGENOMEN VAN UW REKENING.                                                   0 0
21000100140817043014490        10000000000089700104258800910011060000000000089700000000000000000000000000002000000004042500611 0
220001001400000000                                                                                                           0 0
21000200000817043023937        1000000000004840030425380020000                                                     04042500610 1
31000200010817043023937        380020000BELFIUS BANK N.V.                   ZANDD ENTERPRISES                                0 1
31000200020817043023937        380020000KAREL ROGIERPLEIN 11                                                                 0 1
31000200030817043023937        380020000B-1210 BRUSSEL                                                                       0 1
31000200040817043023937        380020000RPR BRUSSEL                         GELLIKERWEG 122                                  0 1
31000200050817043023937        380020000BTW BE 0403.201.185                 3620 LANAKEN                                     0 1
31000200060817043023937        380020000FACTUUR NR        63347331          BTW  BE0712627128                                0 1
31000200070817043023937        380020000KOSTEN CODA/XML REPORTING                                                            0 1
31000200080817043023937        38002000003.04.2025                                                                           0 1
31000200090817043023937        380020000BEDRAG ZONDER BTW              4,00 EUR                                              0 1
31000200100817043023937        380020000BTW  ( 21.00% )                0,84 EUR                                              0 1
31000200110817043023937        380020000TOTAAL BEDRAG                  4,84 EUR                                              0 1
31000200120817043023937        380020000VANDAAG AFGENOMEN VAN UW REKENING.                                                   0 0
21000200130817043023937        10000000000040000304258800210011060000000000040000000000000000000000000000002000000004042500601 0
220002001300000000                                                                                                           0 0
21000200140817043023937        10000000000008400304258800201111060000000000008400000000000040000021000000002000000004042500611 0
220002001400000000                                                                                                           0 0
21000300000817043046560        1000000000003860010425335370000                                                     04042500610 1
31000300010817043046560        335370000BELFIUS BANK N.V.                   ZANDD ENTERPRISES                                0 1
31000300020817043046560        335370000KAREL ROGIERPLEIN 11                                                                 0 1
31000300030817043046560        335370000B-1210 BRUSSEL                                                                       0 1
31000300040817043046560        335370000RPR BRUSSEL                         GELLIKERWEG 122                                  0 1
31000300050817043046560        335370000BTW BE 0403.201.185                 3620 LANAKEN                                     0 1
31000300060817043046560        335370000FACTUUR NR        63347321          BTW  BE0712627128                                0 1
31000300070817043046560        335370000BEHEERSKOSTEN VAN UW PACK                                                            0 1
31000300080817043046560        335370000BEDRAG ZONDER BTW     ( BASIS 21.00 )           1,71 EUR                             0 1
31000300090817043046560        335370000BEDRAG ZONDER BTW     ( BASIS 00.00 )           1,79 EUR                             0 1
31000300100817043046560        3353700000% SERV.ART44, P1,1                                                                  0 1
31000300110817043046560        335370000BTW  ( 21.00% )                0,36 EUR                                              0 1
31000300120817043046560        335370000TOTAAL BEDRAG                                   3,86                                 0 1
31000300130817043046560        335370000VANDAAG AFGENOMEN VAN UW REKENING.                                                   0 0
21000300140817043046560        10000000000035000104258353710011060000000000035000000000000000000000000000002000000004042500601 0
220003001400000000                                                                                                           0 0
21000300150817043046560        10000000000003600104258353701111060000000000003600000000000017100021000000002000000004042500611 0
220003001500000000                                                                                                           0 0
8006BE39068955090319                  EUR0000000040711060040425                                                                0
9               000053000000000017670000000000000000                                                                           2
