0000015042505005           5105972Khan Daniel               GKCCBEBB   00712627128 00000                                       2
12008BE39068955090319                  EUR0000000015961060140425ZANDD ENTERPRISES         PROF FORFAITAIRE REKENING          008
2100010000090186554F016        1000000002521980150425002010001101524699319029                                      15042500801 0
2200010000                                                                                        KREDBEBB                   1 0
2300010000BE31410000071155                     VOLVO CAR INSURANCE                                                           0 1
3100010001090186554F016        002010000INSTANT OVERSCHRIJVING 410 186554F016                                                0 1
3100010002090186554F016        002010001001VOLVO CAR INSURANCE                                                               1 0
3200010002Posthofbrug 14                     2600 BERCHEM (ANTW.)               BE                                           0 0
8008BE39068955090319                  EUR0000000013439080150425                                                                1
4 00010000                      CREATIE VAN UW EUROPESE DOMICILIERING                                                          1
4 00010001                      VIA BESTAND                                                                                    1
4 00010002                      SCHULDEISER:                                                                                   1
4 00010003                      VASTACC                                                                                        1
4 00010004                      SCHULDEISERIDENTIFICATIE : BE59ZZZ0464460645                                                   1
4 00010005                      MANDAATREFERTE: 100047                                                                         1
4 00010006                      MEDEDELING    :                                                                                1
4 00010007                      BETALINGSTYPE : TERUGKEREND                                                                    1
4 00010008                      OP NAAM VAN:                                                                                   1
4 00010009                      VANAF 17-04-2025                                                                               0
9               000008000000002521980000000000000000                                                                           2
