0000002052505005           5122683Khan Daniel               GKCCBEBB   00712627128 00000                                       2
12014BE39068955090319                  EUR0000000028142850300425ZANDD ENTERPRISES         PROF FORFAITAIRE REKENING          014
21000100000901809051100        10000000005615000205250010100002025-010                                             02052501401 0
2200010000                                                                                        INGBNL2A                   1 0
2300010000NL60INGB0006533539                   RensConsult B.V.                                                              0 1
31000100010901809051100        001010000OVERSCHRIJVING NAAR ING 1809051100                                                   0 1
31000100020901809051100        001010001001RensConsult B.V.                                                                  1 0
3200010002Randstad 22 46                     1316BZ ALMERE                      NL                                           0 0
21000200000901810851085        1000000000316000010525001010000Factuurnummer: 20250003                              02052501401 0
2200020000                                                                                        GKCCBEBB                   1 0
2300020000BE27068931408373                     Harmonic Waves BVBA                                                           0 1
31000200010901810851085        001010000OVERSCHRIJVING NAAR 068 1810851085                                                   0 1
31000200020901810851085        001010001001Harmonic Waves BVBA                                                               1 0
3200020002Dennenlaan 33                      2840 RUMST                         BE                                           0 0
8014BE39068955090319                  EUR0000000027265350020525                                                                0
9               000014000000000877500000000000000000                                                                           2
