0000001102264505                  ZANDD ENTERPRISES BV      JVBABE22   00712627128 00000                                       2
12141BE95645100416758                  EUR0000000015881770300922ZANDD ENTERPRISES BV      Zichtrekening professioneel        141
21000100002022-00308           1000000000072840011022001010000Factuur F2022/7263                                   01102214101 0
2200010000                                                                                        GEBABEBB                   1 0
2300010000BE49235021763071                     The Waterpurifier                                                             0 1
31000100012022-00308           001010001001The Waterpurifier                                                                 1 0
3200010001Genebroekstraat 82                 B--3581 Beverlo                                                                 0 0
21000200002022-00309           1000000000687120011022001010000Declaraties September                                01102214101 0
2200020000                                                                                        JVBABE22                   1 0
2300020000BE17645105243621                     Z.-D. Takacs-Kha                                                              0 1
31000200012022-00309           001010001001Z.-D. Takacs-Kha                                                                  1 0
3200020001LOUIZALAAN 341 341/5D              1050 Brussel (Elsene)                                                           0 0
8141BE95645100416758                  EUR0000000015121810011022                                                                0
9               000012000000000759960000000000000000                                                                           1
0000002102264505                  ZANDD ENTERPRISES BV      JVBABE22   00712627128 00000                                       2
12142BE95645100416758                  EUR0000000015121810011022ZANDD ENTERPRISES BV      Zichtrekening professioneel        142
21000100002022-00310           1000000000021000021022004020000670364XXXXXXX2003 02/10/2022 22:21                   02102214201 0
2200010000                                                                                                                   1 0
2300010000                                     FORME FS SOCIETE DES T                                                        0 1
31000100012022-00310           004020001001FORME FS SOCIETE DES T                                                            1 0
3200010001Bruxelles                                                                                                          0 0
21000200002022-00311           1000000000010000021022004020000670364XXXXXXX2003 02/10/2022 22:26                   02102214201 0
2200020000                                                                                                                   1 0
2300020000                                     FORME FS SOCIETE DES T                                                        0 1
31000200012022-00311           004020001001FORME FS SOCIETE DES T                                                            1 0
3200020001Bruxelles                                                                                                          0 0
8142BE95645100416758                  EUR0000000015090810021022                                                                0
9               000012000000000031000000000000000000                                                                           1
0000003102264505                  ZANDD ENTERPRISES BV      JVBABE22   00712627128 00000                                       2
12143BE95645100416758                  EUR0000000015090810021022ZANDD ENTERPRISES BV      Zichtrekening professioneel        143
21000100002022-00312           1000000000273450031022004020000670364XXXXXXX2003 02/10/2022 22:47 Communication: Uw 03102214301 0
2200010000bestelling bij 123inkt.be                                                                                          1 0
2300010000                                     123Inkt                                                                       0 1
31000100012022-00312           004020001001123Inkt                                                                           1 0
3200010001NEDERHORST                                                                                                         0 0
21000200002022-00313           1000000000002500031022004020000670364XXXXXXX2003 03/10/2022 09:52 Communication: DeL03102214301 0
2200020000ijn/DIVB221021911                                                                                                  1 0
2300020000                                     VVM De Lijn                                                                   0 1
31000200012022-00313           004020001001VVM De Lijn                                                                       1 0
3200020001MECHELEN                                                                                                           0 0
8143BE95645100416758                  EUR0000000014814860031022                                                                0
9               000012000000000275950000000000000000                                                                           1
0000004102264505                  ZANDD ENTERPRISES BV      JVBABE22   00712627128 00000                                       2
12144BE95645100416758                  EUR0000000014814860031022ZANDD ENTERPRISES BV      Zichtrekening professioneel        144
21000100002022-00314           1000000000021000041022004020000670364XXXXXXX2003 04/10/2022 07:05                   04102214401 0
2200010000                                                                                                                   1 0
2300010000                                     FORME FS SOCIETE DES T                                                        0 1
31000100012022-00314           004020001001FORME FS SOCIETE DES T                                                            1 0
3200010001Bruxelles                                                                                                          0 0
8144BE95645100416758                  EUR0000000014793860041022                                                                0
9               000007000000000021000000000000000000                                                                           1
0000005102264505                  ZANDD ENTERPRISES BV      JVBABE22   00712627128 00000                                       2
12145BE95645100416758                  EUR0000000014793860041022ZANDD ENTERPRISES BV      Zichtrekening professioneel        145
21000100002022-00315           1000000000499990051022011010000Aank. 3,2818 UNIVERSAL INVEST HIG aan 152,3515 EUR   05102214501 0
2200010000Effectenrekening 329862 borderel 702543              507104                                                        0 0
8145BE95645100416758                  EUR0000000014293870051022                                                                0
9               000004000000000499990000000000000000                                                                           1
0000009102264505                  ZANDD ENTERPRISES BV      JVBABE22   00712627128 00000                                       2
12146BE95645100416758                  EUR0000000014293870051022ZANDD ENTERPRISES BV      Zichtrekening professioneel        146
21000100002022-00316           1000000000314000091022001010001101502021022153                                      09102214601 0
2200010000                                                                                        BBRUBEBB                   1 0
2300010000BE86335013434950                     Peumans Bvba                                                                  0 1
31000100012022-00316           001010001001Peumans Bvba                                                                      0 0
21000200002022-00317           1000000000072840091022001010000Factuur F2022/8587                                   09102214601 0
2200020000                                                                                        GEBABEBB                   1 0
2300020000BE49235021763071                     The Waterpurifier                                                             0 1
31000200012022-00317           001010001001The Waterpurifier                                                                 1 0
3200020001Genebroekstraat 82                 B--3581 Beverlo                                                                 0 0
21000300002022-00318           1000000000002500091022004020000670364XXXXXXX2003 09/10/2022 15:25 Communication: DeL09102214601 0
2200030000ijn/DIVB221091960                                                                                                  1 0
2300030000                                     VVM De Lijn                                                                   0 1
31000300012022-00318           004020001001VVM De Lijn                                                                       1 0
3200030001MECHELEN                                                                                                           0 0
8146BE95645100416758                  EUR0000000013904530091022                                                                0
9               000016000000000389340000000000000000                                                                           1
0000010102264505                  ZANDD ENTERPRISES BV      JVBABE22   00712627128 00000                                       2
12147BE95645100416758                  EUR0000000013904530091022ZANDD ENTERPRISES BV      Zichtrekening professioneel        147
21000100002022-00319           0000000000409050101022001500000TotalEnergies PG Belgium SA-E201764334-N2201604116   10102214701 0
2200010000                                                     0600869123-221400528237            GEBABEBB                   1 0
2300010000BE38001509424272                     TotalEnergies PG Belgium SA                                                   0 1
31000100012022-00319           001500001001TotalEnergies PG Belgium SA                                                       1 0
3200010001Rue Saint-Laurent 54               4000 LIEGE                                                                      0 0
8147BE95645100416758                  EUR0000000014313580101022                                                                0
9               000007000000000000000000000000409050                                                                           1
0000016102264505                  ZANDD ENTERPRISES BV      JVBABE22   00712627128 00000                                       2
12148BE95645100416758                  EUR0000000014313580101022ZANDD ENTERPRISES BV      Zichtrekening professioneel        148
21000100002022-00320           1000000000193580161022001010001101720665171448                                      16102214801 0
2200010000                                                                                        GEBABEBB                   1 0
2300010000BE82210000088968                     Proximus                                                                      0 1
31000100012022-00320           001010001001Proximus                                                                          1 0
3200010001Koning Albert II-laan 27           1030 Brussel                                                                    0 0
21000200002022-00321           1000000000083400161022001010000DDL-29188524297211                                   16102214801 0
2200020000                                                                                        CRESCHZZ80A                1 0
2300020000CH9004835266533702000                Doodle AG                                                                     0 1
31000200012022-00321           001010001001Doodle AG                                                                         1 0
3200020001Doodle AG                          Werdstrasse 21                                                                  0 0
21000300002022-00322           1000000000269820161022001010001101221274481622                                      16102214801 0
2200030000                                                                                        KREDBEBB                   1 0
2300030000BE71448764648169                     HELAN                                                                         0 1
31000300012022-00322           001010001001HELAN                                                                             1 0
3200030001sluisweg 2 bus 1                   9000 Gent                                                                       0 0
21000400002022-00323           1000000000413160161022001010001101221274491625                                      16102214801 0
2200040000                                                                                        KREDBEBB                   1 0
2300040000BE71448764648169                     HELAN                                                                         0 1
31000400012022-00323           001010001001HELAN                                                                             1 0
3200040001sluisweg 2 bus 1                   9000 Gent                                                                       0 0
21000500002022-00324           1000000000865920161022001010001101071262712841                                      16102214801 0
2200050000                                                                                        PCHQBEBB                   1 0
2300050000BE22679200300047                     Btw ontvangsten Brussel                                                       0 1
31000500012022-00324           001010001001Btw ontvangsten Brussel                                                           1 0
3200050001kruidtuinlaan 50 bus3402           1000, brussel                                                                   0 0
21000600002022-00325           1000000000198930161022004020000670364XXXXXXX2003 16/10/2022 18:05                   16102214801 0
2200060000                                                                                                                   1 0
2300060000                                     KaffeKapslen                                                                  0 1
31000600012022-00325           004020001001KaffeKapslen                                                                      1 0
3200060001HASSELAGER                                                                                                         0 0
8148BE95645100416758                  EUR0000000012288770161022                                                                0
9               000032000000002024810000000000000000                                                                           1
0000017102264505                  ZANDD ENTERPRISES BV      JVBABE22   00712627128 00000                                       2
12149BE95645100416758                  EUR0000000012288770161022ZANDD ENTERPRISES BV      Zichtrekening professioneel        149
21000100002022-00326           0000000000172950171022001500000TotalEnergies PG Belgium SA-E201764334-N2201614368   17102214901 0
2200010000                                                     0600869123-216010630629            GEBABEBB                   1 0
2300010000BE38001509424272                     TotalEnergies PG Belgium SA                                                   0 1
31000100012022-00326           001500001001TotalEnergies PG Belgium SA                                                       1 0
3200010001Rue Saint-Laurent 54               4000 LIEGE                                                                      0 0
8149BE95645100416758                  EUR0000000012461720171022                                                                0
9               000007000000000000000000000000172950                                                                           1
0000018102264505                  ZANDD ENTERPRISES BV      JVBABE22   00712627128 00000                                       2
12150BE95645100416758                  EUR0000000012461720171022ZANDD ENTERPRISES BV      Zichtrekening professioneel        150
21000100002022-00327           10000000002507101810220050100003477-2022-788INV                                     18102215001 0
2200010000                                                     155776-513X74-TMSBEL               INGBNL2A                   1 0
2300010000NL92INGB0006087442                   IWG Belgium BV                                                                0 1
31000100012022-00327           005010001001IWG Belgium BV                                                                    1 0
3200010001Louizalaan 65 bus 11               1050 Brussel BE                                                                 0 0
8150BE95645100416758                  EUR0000000012211010181022                                                                0
9               000007000000000250710000000000000000                                                                           1
0000020102264505                  ZANDD ENTERPRISES BV      JVBABE22   00712627128 00000                                       2
12151BE95645100416758                  EUR0000000012211010181022ZANDD ENTERPRISES BV      Zichtrekening professioneel        151
21000100002022-00328           1000000000002500201022004020000670364XXXXXXX2003 20/10/2022 15:48 Communication: DeL20102215101 0
2200010000ijn/DIVB2210202474                                                                                                 1 0
2300010000                                     VVM De Lijn                                                                   0 1
31000100012022-00328           004020001001VVM De Lijn                                                                       1 0
3200010001MECHELEN                                                                                                           0 0
8151BE95645100416758                  EUR0000000012208510201022                                                                0
9               000007000000000002500000000000000000                                                                           1
0000022102264505                  ZANDD ENTERPRISES BV      JVBABE22   00712627128 00000                                       2
12152BE95645100416758                  EUR0000000012208510201022ZANDD ENTERPRISES BV      Zichtrekening professioneel        152
21000100002022-00329           1000000003253770221022001010001101322823043109                                      22102215201 0
2200010000                                                                                        BBRUBEBB                   1 0
2300010000BE17310001380621                     Partena svz                                                                   0 1
31000100012022-00329           001010001001Partena svz                                                                       1 0
3200010001Kartuizerstraat 45                 1000 Brussel                                                                    0 0
8152BE95645100416758                  EUR0000000008954740221022                                                                0
9               000007000000003253770000000000000000                                                                           2
