0000001102264505                  ZANDD ENTERPRISES BV      JVBABE22   00712627128 00000                                       2
12141BE95645100416758                  EUR0000000015881770300922ZANDD ENTERPRISES BV      Zichtrekening professioneel        141
21000100002022-00308           1000000000072840011022001010000Factuur F2022/7263                                   01102214101 0
2200010000                                                                                        GEBABEBB                   1 0
2300010000BE49235021763071                     The Waterpurifier                                                             0 1
31000100012022-00308           001010001001The Waterpurifier                                                                 1 0
3200010001Genebroekstraat 82                 B--3581 Beverlo                                                                 0 0
21000200002022-00309           1000000000687120011022001010000Declaraties September                                01102214101 0
2200020000                                                                                        JVBABE22                   1 0
2300020000BE17645105243621                     Z.-D. Takacs-Kha                                                              0 1
31000200012022-00309           001010001001Z.-D. Takacs-Kha                                                                  1 0
3200020001LOUIZALAAN 341 341/5D              1050 Brussel (Elsene)                                                           0 0
8141BE95645100416758                  EUR0000000015121810011022                                                                0
9               000012000000000759960000000000000000                                                                           2
