0000003072264505                  ZANDD ENTERPRISES BV      JVBABE22   00712627128 00000                                       2
12093BE95645100416758                  EUR0000000014284880300622ZANDD ENTERPRISES BV      Zichtrekening professioneel        093
21000100002022-00203           1000000000346460030722001010001101034559165151                                      03072209301 0
2200010000                                                                                        GEBABEBB                   1 0
2300010000BE22210005809847                     Sodexo Pass Belgium sa/nv                                                     0 1
31000100012022-00203           001010001001Sodexo Pass Belgium sa/nv                                                         1 0
3200010001Pleinlaan 15                       1050 Brussel                                                                    0 0
21000200002022-00204           1000000000172960030722001010001101121246808090                                      03072209301 0
2200020000                                                                                        GEBABEBB                   1 0
2300020000BE38001509424272                     TotalEnergies Power & Gas Belgium S                                           0 1
31000200012022-00204           001010001001TotalEnergies Power & Gas Belgium SA/NV                                           1 0
3200020001Rue Saint-Laurent 54               4000 Luik                                                                       0 0
21000300002022-00205           1000000000090440030722001010001101005341245079                                      03072209301 0
2200030000                                                                                        GEBABEBB                   1 0
2300030000BE50001815676918                     Eneco Belgium nv                                                              0 1
31000300012022-00205           001010001001Eneco Belgium nv                                                                  1 0
3200030001Battelsesteenweg 455i              2800 Mechelen                                                                   0 0
21000400002022-00206           1000000000314600030722001010001101544010622128                                      03072209301 0
2200040000                                                                                        BBRUBEBB                   1 0
2300040000BE86335013434950                     Peumans Bvba                                                                  0 1
31000400012022-00206           001010001001Peumans Bvba                                                                      0 0
21000500002022-00207           1000000000314600030722001010001101074010722134                                      03072209301 0
2200050000                                                                                        BBRUBEBB                   1 0
2300050000BE86335013434950                     Peumans Bvba                                                                  0 1
31000500012022-00207           001010001001Peumans Bvba                                                                      0 0
21000600002022-00208           1000000000217800030722001010001101686230622193                                      03072209301 0
2200060000                                                                                        BBRUBEBB                   1 0
2300060000BE86335013434950                     Peumans Bvba                                                                  0 1
31000600012022-00208           001010001001Peumans Bvba                                                                      0 0
8093BE95645100416758                  EUR0000000012828020030722                                                                0
9               000029000000001456860000000000000000                                                                           1
0000004072264505                  ZANDD ENTERPRISES BV      JVBABE22   00712627128 00000                                       2
12094BE95645100416758                  EUR0000000012828020030722ZANDD ENTERPRISES BV      Zichtrekening professioneel        094
21000100002022-00209           1000000002236490040722001010000EXP.30062022.006.DSAK                                04072209401 0
2200010000                                                                                        JVBABE22                   1 0
2300010000BE17645105243621                     Z.-D. Takacs-Kha                                                              0 1
31000100012022-00209           001010001001Z.-D. Takacs-Kha                                                                  1 0
3200010001LOUIZALAAN 341 341/5D              1050 Brussel (Elsene)                                                           0 0
8094BE95645100416758                  EUR0000000010591530040722                                                                0
9               000007000000002236490000000000000000                                                                           1
0000005072264505                  ZANDD ENTERPRISES BV      JVBABE22   00712627128 00000                                       2
12095BE95645100416758                  EUR0000000010591530040722ZANDD ENTERPRISES BV      Zichtrekening professioneel        095
21000100002022-00210           1000000000499990050722011010000Aank. 3,2287 UNIVERSAL INVEST HI aan 154,85855 EUR   05072209501 0
2200010000Effectenrekening 329862 borderel 519955              470011                                                        0 0
21000200002022-00211           1000000000000020050722004020000670364XXXXXXX2003 05/07/2022 09:06 Communication: Kop05072209501 0
2200020000peling betaalmiddel                                                                                                1 0
2300020000                                     VVM De Lijn                                                                   0 1
31000200012022-00211           004020001001VVM De Lijn                                                                       1 0
3200020001MECHELEN                                                                                                           0 0
21000300002022-00212           1000000000000020050722004020000670364XXXXXXX2003 05/07/2022 09:07 Communication: Kop05072209501 0
2200030000peling betaalmiddel                                                                                                1 0
2300030000                                     VVM De Lijn                                                                   0 1
31000300012022-00212           004020001001VVM De Lijn                                                                       1 0
3200030001MECHELEN                                                                                                           0 0
21000400002022-00213           1000000000002500050722004020000670364XXXXXXX2003 05/07/2022 09:08 Communication: DeL05072209501 0
2200040000ijn/DIVB220738468                                                                                                  1 0
2300040000                                     VVM De Lijn                                                                   0 1
31000400012022-00213           004020001001VVM De Lijn                                                                       1 0
3200040001MECHELEN                                                                                                           0 0
21000500002022-00214           0000000000053310050722001500000Pay.nl inzake Verhuisboxen.nl / retour ontvangen / ve05072209501 0
2200050000rhuisboxen.nl / RF-4972-5023-0910                    SRKL-CR76                          RABONL2U                   1 0
2300050000NL35RABO0117713678                   Stichting Pay.nl                                                              0 1
31000500012022-00214           001500001001Stichting Pay.nl                                                                  0 0
8095BE95645100416758                  EUR0000000010142310050722                                                                0
9               000023000000000502530000000000053310                                                                           1
0000012072264505                  ZANDD ENTERPRISES BV      JVBABE22   00712627128 00000                                       2
12096BE95645100416758                  EUR0000000010142310050722ZANDD ENTERPRISES BV      Zichtrekening professioneel        096
21000100002022-00215           10000000001789801207220050100001021130890099                                        12072209601 0
2200010000                                                     1021130890099 PAYPAL               DEUTDEFF                   1 0
2300010000DE88500700100175526303               PayPal (Europe) S.a r.l. et Cie, S.                                           0 1
31000100012022-00215           005010001001PayPal (Europe) S.a r.l. et Cie, S.C.A.                                           0 0
21000200002022-00216           1000000000020000120722004020000670364XXXXXXX2003 12/07/2022 06:48                   12072209601 0
2200020000                                                                                                                   1 0
2300020000                                     NATIONALE LOTERIJ                                                             0 1
31000200012022-00216           004020001001NATIONALE LOTERIJ                                                                 1 0
3200020001BRUSSEL                                                                                                            0 0
21000300002022-00217           1000000001535370120722001010001101071262712841                                      12072209601 0
2200030000                                                                                        PCHQBEBB                   1 0
2300030000BE22679200300047                     Btw ontvangsten Brussel                                                       0 1
31000300012022-00217           001010001001Btw ontvangsten Brussel                                                           1 0
3200030001kruidtuinlaan 50 bus3402           1000, brussel                                                                   0 0
8096BE95645100416758                  EUR0000000008407960120722                                                                0
9               000016000000001734350000000000000000                                                                           1
0000014072264505                  ZANDD ENTERPRISES BV      JVBABE22   00712627128 00000                                       2
12097BE95645100416758                  EUR0000000008407960120722ZANDD ENTERPRISES BV      Zichtrekening professioneel        097
21000100002022-00218           10000000000989901407220050100001021186673620                                        14072209701 0
2200010000                                                     1021186673620 PAYPAL               DEUTDEFF                   1 0
2300010000DE88500700100175526303               PayPal (Europe) S.a r.l. et Cie, S.                                           0 1
31000100012022-00218           005010001001PayPal (Europe) S.a r.l. et Cie, S.C.A.                                           0 0
21000200002022-00219           1000000000117640140722004020000670364XXXXXXX2003 14/07/2022 07:00 Communication: 4TQ14072209701 0
2200020000J56H AMAZON.DE                                                                                                     1 0
2300020000                                     Amazon DE                                                                     0 1
31000200012022-00219           004020001001Amazon DE                                                                         1 0
3200020001Luxembourg                                                                                                         0 0
8097BE95645100416758                  EUR0000000008191330140722                                                                0
9               000011000000000216630000000000000000                                                                           1
0000015072264505                  ZANDD ENTERPRISES BV      JVBABE22   00712627128 00000                                       2
12098BE95645100416758                  EUR0000000008191330140722ZANDD ENTERPRISES BV      Zichtrekening professioneel        098
21000100002022-00220           10000000000366601507220050100001021200687450                                        15072209801 0
2200010000                                                     1021200687450 PAYPAL               DEUTDEFF                   1 0
2300010000DE88500700100175526303               PayPal (Europe) S.a r.l. et Cie, S.                                           0 1
31000100012022-00220           005010001001PayPal (Europe) S.a r.l. et Cie, S.C.A.                                           0 0
21000200002022-00221           1000000001248950150722004020000670364XXXXXXX2003 15/07/2022 10:27                   15072209801 0
2200020000                                                                                                                   1 0
2300020000                                     Coolblue                                                                      0 1
31000200012022-00221           004020001001Coolblue                                                                          1 0
3200020001ROTTERDAM                                                                                                          0 0
8098BE95645100416758                  EUR0000000006905720150722                                                                0
9               000011000000001285610000000000000000                                                                           1
0000018072264505                  ZANDD ENTERPRISES BV      JVBABE22   00712627128 00000                                       2
12099BE95645100416758                  EUR0000000006905720150722ZANDD ENTERPRISES BV      Zichtrekening professioneel        099
21000100002022-00222           10000000002420001807220050100003477-2022-517INV                                     18072209901 0
2200010000                                                     145324-527X74-TMSBEL               INGBNL2A                   1 0
2300010000NL92INGB0006087442                   IWG Belgium BV                                                                0 1
31000100012022-00222           005010001001IWG Belgium BV                                                                    1 0
3200010001Louizalaan 65 bus 11               1050 Brussel BE                                                                 0 0
21000200002022-00223           1000000001093000180722004020000670364XXXXXXX2003 18/07/2022 19:19                   18072209901 0
2200020000                                                                                                                   1 0
2300020000                                     IKEA BELGIUM NV                                                               0 1
31000200012022-00223           004020001001IKEA BELGIUM NV                                                                   1 0
3200020001ZAVENTEM                                                                                                           0 0
8099BE95645100416758                  EUR0000000005570720180722                                                                0
9               000012000000001335000000000000000000                                                                           1
0000019072264505                  ZANDD ENTERPRISES BV      JVBABE22   00712627128 00000                                       2
12100BE95645100416758                  EUR0000000005570720180722ZANDD ENTERPRISES BV      Zichtrekening professioneel        100
21000100002022-00224           10000000000049901907220050100001021254408240                                        19072210001 0
2200010000                                                     1021254408240 PAYPAL               DEUTDEFF                   1 0
2300010000DE88500700100175526303               PayPal (Europe) S.a r.l. et Cie, S.                                           0 1
31000100012022-00224           005010001001PayPal (Europe) S.a r.l. et Cie, S.C.A.                                           0 0
21000200002022-00225           1000000000024790190722004020000670364XXXXXXX2003 19/07/2022 11:17 Communication: Kas19072210001 0
2200020000persky Benelux Nexway                                                                                              1 0
2300020000                                     NEXWAY SAS                                                                    0 1
31000200012022-00225           004020001001NEXWAY SAS                                                                        1 0
3200020001PUTEAUX                                                                                                            0 0
8100BE95645100416758                  EUR0000000005540940190722                                                                0
9               000011000000000029780000000000000000                                                                           1
0000020072264505                  ZANDD ENTERPRISES BV      JVBABE22   00712627128 00000                                       2
12101BE95645100416758                  EUR0000000005540940190722ZANDD ENTERPRISES BV      Zichtrekening professioneel        101
21000100002022-00226           1000000000007000200722004020000670364XXXXXXX2003 20/07/2022 09:54 Communication: 4KB20072210101 0
2200010000IJS6 1 GB + 365 days                                                                                               1 0
2300010000                                     DROAM                                                                         0 1
31000100012022-00226           004020001001DROAM                                                                             1 0
3200010001Milwaukee                                                                                                          0 0
8101BE95645100416758                  EUR0000000005533940200722                                                                0
9               000007000000000007000000000000000000                                                                           1
0000022072264505                  ZANDD ENTERPRISES BV      JVBABE22   00712627128 00000                                       2
12102BE95645100416758                  EUR0000000005533940200722ZANDD ENTERPRISES BV      Zichtrekening professioneel        102
21000100002022-00227           1000000001000000220722001010000Rc                                                   22072210201 0
2200010000                                                                                        JVBABE22                   1 0
2300010000BE17645105243621                     Z.-D. Takacs-Kha                                                              0 1
31000100012022-00227           001010001001Z.-D. Takacs-Kha                                                                  1 0
3200010001LOUIZALAAN 341 341/5D              1050 Brussel (Elsene)                                                           0 0
8102BE95645100416758                  EUR0000000004533940220722                                                                0
9               000007000000001000000000000000000000                                                                           1
0000023072264505                  ZANDD ENTERPRISES BV      JVBABE22   00712627128 00000                                       2
12103BE95645100416758                  EUR0000000004533940220722ZANDD ENTERPRISES BV      Zichtrekening professioneel        103
21000100002022-00228           1000000000750000230722001010000Rc                                                   23072210301 0
2200010000                                                                                        JVBABE22                   1 0
2300010000BE17645105243621                     Z.-D. Takacs-Kha                                                              0 1
31000100012022-00228           001010001001Z.-D. Takacs-Kha                                                                  1 0
3200010001LOUIZALAAN 341 341/5D              1050 Brussel (Elsene)                                                           0 0
8103BE95645100416758                  EUR0000000003783940230722                                                                0
9               000007000000000750000000000000000000                                                                           1
0000025072264505                  ZANDD ENTERPRISES BV      JVBABE22   00712627128 00000                                       2
12104BE95645100416758                  EUR0000000003783940230722ZANDD ENTERPRISES BV      Zichtrekening professioneel        104
21000100002022-00229           10000000000112402507220050100001021357560101                                        25072210401 0
2200010000                                                     1021357560101 PAYPAL               DEUTDEFF                   1 0
2300010000DE88500700100175526303               PayPal (Europe) S.a r.l. et Cie, S.                                           0 1
31000100012022-00229           005010001001PayPal (Europe) S.a r.l. et Cie, S.C.A.                                           0 0
8104BE95645100416758                  EUR0000000003772700250722                                                                0
9               000006000000000011240000000000000000                                                                           1
0000027072264505                  ZANDD ENTERPRISES BV      JVBABE22   00712627128 00000                                       2
12105BE95645100416758                  EUR0000000003772700250722ZANDD ENTERPRISES BV      Zichtrekening professioneel        105
21000100002022-00230           1000000001019800270722005010000SI22/144132                                          27072210501 0
2200010000                                                     SDD-813357-6823099                 GEBABEBB                   1 0
2300010000BE42001839300054                     VOLVO                                                                         0 1
31000100012022-00230           005010001001VOLVO                                                                             0 0
21000200002022-00231           10000000000020002707220050100001021411255714                                        27072210501 0
2200020000                                                     1021411255714 PAYPAL               DEUTDEFF                   1 0
2300020000DE88500700100175526303               PayPal (Europe) S.a r.l. et Cie, S.                                           0 1
31000200012022-00231           005010001001PayPal (Europe) S.a r.l. et Cie, S.C.A.                                           0 0
21000300002022-00232           1000000000002500270722004020000670364XXXXXXX2003 27/07/2022 11:39 Communication: DeL27072210501 0
2200030000ijn/DIVB2207240169                                                                                                 1 0
2300030000                                     VVM De Lijn                                                                   0 1
31000300012022-00232           004020001001VVM De Lijn                                                                       1 0
3200030001MECHELEN                                                                                                           0 0
21000400002022-00233           1000000000002500270722004020000670364XXXXXXX2003 27/07/2022 13:54 Communication: DeL27072210501 0
2200040000ijn/DIVB2207241655                                                                                                 1 0
2300040000                                     VVM De Lijn                                                                   0 1
31000400012022-00233           004020001001VVM De Lijn                                                                       1 0
3200040001MECHELEN                                                                                                           0 0
8105BE95645100416758                  EUR0000000002745900270722                                                                0
9               000020000000001026800000000000000000                                                                           1
0000029072264505                  ZANDD ENTERPRISES BV      JVBABE22   00712627128 00000                                       2
12106BE95645100416758                  EUR0000000002745900270722ZANDD ENTERPRISES BV      Zichtrekening professioneel        106
21000100002022-00234           1000000001800000290722001030000HUUR BRUSSELSESTWG 614 OVERIJSE   OLISLAEGERS VASTGOE29072210601 0
2200010000D NV                                                                                    KREDBEBB                   1 0
2300010000BE35737056463137                     OLISLAEGERS VASTGOED NV                                                       0 1
31000100012022-00234           001030001001OLISLAEGERS VASTGOED NV                                                           0 0
21000200002022-00235           1000000000039830290722004020000670364XXXXXXX2003 29/07/2022 09:04 Communication: 24X29072210601 0
22000200009CFO AMAZON.DE                                                                                                     1 0
2300020000                                     Amazon DE                                                                     0 1
31000200012022-00235           004020001001Amazon DE                                                                         1 0
3200020001Luxembourg                                                                                                         0 0
21000300002022-00236           0000000015445650290722001500000INV.NR.20220630.059.DSAK                             29072210601 0
2200030000                                                     00003880/82 2022-07-29             BBRUBEBB           SUPP    1 0
2300030000BE22320006273647                     CRONOS INTERNATIONAL                                                          0 1
31000300012022-00236           001500001001CRONOS INTERNATIONAL                                                              1 0
3200030001RUE PAFEBRUCH 89                   CAPELLEN         8308                                                           0 0
8106BE95645100416758                  EUR0000000016351720290722                                                                0
9               000016000000001839830000000015445650                                                                           1
0000030072264505                  ZANDD ENTERPRISES BV      JVBABE22   00712627128 00000                                       2
12107BE95645100416758                  EUR0000000016351720290722ZANDD ENTERPRISES BV      Zichtrekening professioneel        107
21000100002022-00237           1000000003306140300722001010001101071262712841                                      30072210701 0
2200010000                                                                                        PCHQBEBB                   1 0
2300010000BE22679200300047                     Btw ontvangsten Brussel                                                       0 1
31000100012022-00237           001010001001Btw ontvangsten Brussel                                                           1 0
3200010001kruidtuinlaan 50 bus3402           1000, brussel                                                                   0 0
21000200002022-00238           1000000003554910300722001010000Loon 07/2022                                         30072210701 0
2200020000                                                                                        JVBABE22                   1 0
2300020000BE17645105243621                     Z.-D. Takacs-Kha                                                              0 1
31000200012022-00238           001010001001Z.-D. Takacs-Kha                                                                  0 0
21000300002022-00239           1000000001400000300722001010000Voorschot Autersrechten  July 2022                   30072210701 0
2200030000                                                                                        JVBABE22                   1 0
2300030000BE17645105243621                     Z.-D. Takacs-Kha                                                              0 1
31000300012022-00239           001010001001Z.-D. Takacs-Kha                                                                  1 0
3200030001LOUIZALAAN 341 341/5D              1050 Brussel (Elsene)                                                           0 0
21000400002022-00240           1000000000220050300722001010000Loon 07/2022                                         30072210701 0
2200040000                                                                                        RABONL2U                   1 0
2300040000NL47RABO0332155048                   Zsuzsanna takacs                                                              0 1
31000400012022-00240           001010001001Zsuzsanna takacs                                                                  1 0
3200040001louizalaan 341, Appartment 5D      1050                                                                            0 0
21000500002022-00241           1000000000353970300722001010001101034598626771                                      30072210701 0
2200050000                                                                                        GEBABEBB                   1 0
2300050000BE22210005809847                     Sodexo Pass Belgium sa/nv                                                     0 1
31000500012022-00241           001010001001Sodexo Pass Belgium sa/nv                                                         1 0
3200050001Pleinlaan 15                       1050 Brussel                                                                    0 0
21000600002022-00242           1000000000172960300722001010001101121311364321                                      30072210701 0
2200060000                                                                                        GEBABEBB                   1 0
2300060000BE38001509424272                     TotalEnergies Power & Gas Belgium S                                           0 1
31000600012022-00242           001010001001TotalEnergies Power & Gas Belgium SA/NV                                           1 0
3200060001Rue Saint-Laurent 54               4000 Luik                                                                       0 0
8107BE95645100416758                  EUR0000000007343690300722                                                                0
9               000031000000009008030000000000000000                                                                           2
