0000001102264505                  ZANDD ENTERPRISES BV      JVBABE22   00712627128 00000                                       2
12141BE95645100416758                  EUR0000000015881770300922ZANDD ENTERPRISES BV      Zichtrekening professioneel        141
21000100002022-00308           1000000000072840011022001010000Factuur F2022/7263                                   01102214101 0
2200010000                                                                                        GEBABEBB                   1 0
2300010000BE49235021763071                     The Waterpurifier                                                             0 1
31000100012022-00308           001010001001The Waterpurifier                                                                 1 0
3200010001Genebroekstraat 82                 B--3581 Beverlo                                                                 0 0
21000200002022-00309           1000000000687120011022001010000Declaraties September                                01102214101 0
2200020000                                                                                        JVBABE22                   1 0
2300020000BE17645105243621                     Z.-D. Takacs-Kha                                                              0 1
31000200012022-00309           001010001001Z.-D. Takacs-Kha                                                                  1 0
3200020001LOUIZALAAN 341 341/5D              1050 Brussel (Elsene)                                                           0 0
8141BE95645100416758                  EUR0000000015121810011022                                                                0
9               000012000000000759960000000000000000                                                                           1
0000002102264505                  ZANDD ENTERPRISES BV      JVBABE22   00712627128 00000                                       2
12142BE95645100416758                  EUR0000000015121810011022ZANDD ENTERPRISES BV      Zichtrekening professioneel        142
21000100002022-00310           1000000000021000021022004020000670364XXXXXXX2003 02/10/2022 22:21                   02102214201 0
2200010000                                                                                                                   1 0
2300010000                                     FORME FS SOCIETE DES T                                                        0 1
31000100012022-00310           004020001001FORME FS SOCIETE DES T                                                            1 0
3200010001Bruxelles                                                                                                          0 0
21000200002022-00311           1000000000010000021022004020000670364XXXXXXX2003 02/10/2022 22:26                   02102214201 0
2200020000                                                                                                                   1 0
2300020000                                     FORME FS SOCIETE DES T                                                        0 1
31000200012022-00311           004020001001FORME FS SOCIETE DES T                                                            1 0
3200020001Bruxelles                                                                                                          0 0
8142BE95645100416758                  EUR0000000015090810021022                                                                0
9               000012000000000031000000000000000000                                                                           1
0000003102264505                  ZANDD ENTERPRISES BV      JVBABE22   00712627128 00000                                       2
12143BE95645100416758                  EUR0000000015090810021022ZANDD ENTERPRISES BV      Zichtrekening professioneel        143
21000100002022-00312           1000000000273450031022004020000670364XXXXXXX2003 02/10/2022 22:47 Communication: Uw 03102214301 0
2200010000bestelling bij 123inkt.be                                                                                          1 0
2300010000                                     123Inkt                                                                       0 1
31000100012022-00312           004020001001123Inkt                                                                           1 0
3200010001NEDERHORST                                                                                                         0 0
21000200002022-00313           1000000000002500031022004020000670364XXXXXXX2003 03/10/2022 09:52 Communication: DeL03102214301 0
2200020000ijn/DIVB221021911                                                                                                  1 0
2300020000                                     VVM De Lijn                                                                   0 1
31000200012022-00313           004020001001VVM De Lijn                                                                       1 0
3200020001MECHELEN                                                                                                           0 0
8143BE95645100416758                  EUR0000000014814860031022                                                                0
9               000012000000000275950000000000000000                                                                           1
0000004102264505                  ZANDD ENTERPRISES BV      JVBABE22   00712627128 00000                                       2
12144BE95645100416758                  EUR0000000014814860031022ZANDD ENTERPRISES BV      Zichtrekening professioneel        144
21000100002022-00314           1000000000021000041022004020000670364XXXXXXX2003 04/10/2022 07:05                   04102214401 0
2200010000                                                                                                                   1 0
2300010000                                     FORME FS SOCIETE DES T                                                        0 1
31000100012022-00314           004020001001FORME FS SOCIETE DES T                                                            1 0
3200010001Bruxelles                                                                                                          0 0
8144BE95645100416758                  EUR0000000014793860041022                                                                0
9               000007000000000021000000000000000000                                                                           1
0000005102264505                  ZANDD ENTERPRISES BV      JVBABE22   00712627128 00000                                       2
12145BE95645100416758                  EUR0000000014793860041022ZANDD ENTERPRISES BV      Zichtrekening professioneel        145
21000100002022-00315           1000000000499990051022011010000Aank. 3,2818 UNIVERSAL INVEST HIG aan 152,3515 EUR   05102214501 0
2200010000Effectenrekening 329862 borderel 702543              507104                                                        0 0
8145BE95645100416758                  EUR0000000014293870051022                                                                0
9               000004000000000499990000000000000000                                                                           1
0000009102264505                  ZANDD ENTERPRISES BV      JVBABE22   00712627128 00000                                       2
12146BE95645100416758                  EUR0000000014293870051022ZANDD ENTERPRISES BV      Zichtrekening professioneel        146
21000100002022-00316           1000000000314000091022001010001101502021022153                                      09102214601 0
2200010000                                                                                        BBRUBEBB                   1 0
2300010000BE86335013434950                     Peumans Bvba                                                                  0 1
31000100012022-00316           001010001001Peumans Bvba                                                                      0 0
21000200002022-00317           1000000000072840091022001010000Factuur F2022/8587                                   09102214601 0
2200020000                                                                                        GEBABEBB                   1 0
2300020000BE49235021763071                     The Waterpurifier                                                             0 1
31000200012022-00317           001010001001The Waterpurifier                                                                 1 0
3200020001Genebroekstraat 82                 B--3581 Beverlo                                                                 0 0
8146BE95645100416758                  EUR0000000013907030091022                                                                0
9               000011000000000386840000000000000000                                                                           2
