0000003122264505                  ZANDD ENTERPRISES BV      JVBABE22   00712627128 00000                                       2
12169BE95645100416758                  EUR0000000022525880301122ZANDD ENTERPRISES BV      Zichtrekening professioneel        169
21000100002022-00364           1000000000200000031222001010000eindejaarsuitkering 2022                             03122216901 0
2200010000                                                                                        RABONL2U                   1 0
2300010000NL47RABO0332155048                   Zsuzsanna takacs                                                              0 1
31000100012022-00364           001010001001Zsuzsanna takacs                                                                  1 0
3200010001Brusselsesteenweg 614              3090                                                                            0 0
21000200002022-00365           1000000000200000031222001010000Eindejaarsuitkering DSAKHAN 2022                     03122216901 0
2200020000                                                                                        JVBABE22                   1 0
2300020000BE17645105243621                     Z.-D. Takacs-Kha                                                              0 1
31000200012022-00365           001010001001Z.-D. Takacs-Kha                                                                  1 0
3200020001LOUIZALAAN 341 341/5D              1050 Brussel (Elsene)                                                           0 0
8169BE95645100416758                  EUR0000000022125880031222                                                                0
9               000012000000000400000000000000000000                                                                           1
0000005122264505                  ZANDD ENTERPRISES BV      JVBABE22   00712627128 00000                                       2
12170BE95645100416758                  EUR0000000022125880031222ZANDD ENTERPRISES BV      Zichtrekening professioneel        170
21000100002022-00366           1000000000108590051222005010000FAK225199752                                         05122217001 0
2200010000                                                     982123027765                       GKCCBEBB                   1 0
2300010000BE84091010925259                     DE WATERGROEP                                                                 0 1
31000100012022-00366           005010001001DE WATERGROEP                                                                     1 0
3200010001VOORUITGANGSTRAAT                   189                                                                            0 0
21000200002022-00367           1000000000499990051222011010000Aank. 3,0755 UNIVERSAL INVEST HI aan 162,57255 EUR   05122217001 0
2200020000Effectenrekening 329862 borderel 826783              531653                                                        0 0
21000300002022-00368           1000000000068950051222004020000670364XXXXXXX2003 05/12/2022 09:30                   05122217001 0
2200030000                                                                                                                   1 0
2300030000                                     Bol.com                                                                       0 1
31000300012022-00368           004020001001Bol.com                                                                           1 0
32000300013528 BJ UTRECHT                                                                                                    0 0
21000400002022-00369           1000000000278450051222004020000670364XXXXXXX2003 05/12/2022 11:05 Communication: Uw 05122217001 0
2200040000bestelling bij 123inkt.be                                                                                          1 0
2300040000                                     123Inkt                                                                       0 1
31000400012022-00369           004020001001123Inkt                                                                           1 0
32000400011394 PC NEDERHORST                                                                                                 0 0
8170BE95645100416758                  EUR0000000021169900051222                                                                0
9               000019000000000955980000000000000000                                                                           1
0000008122264505                  ZANDD ENTERPRISES BV      JVBABE22   00712627128 00000                                       2
12171BE95645100416758                  EUR0000000021169900051222ZANDD ENTERPRISES BV      Zichtrekening professioneel        171
21000100002022-00370           1000000000021000081222004020000670364XXXXXXX2003 08/12/2022 07:20                   08122217101 0
2200010000                                                                                                                   1 0
2300010000                                     FORME FS SOCIETE DES T                                                        0 1
31000100012022-00370           004020001001FORME FS SOCIETE DES T                                                            1 0
32000100011000 Bruxelles                                                                                                     0 0
8171BE95645100416758                  EUR0000000021148900081222                                                                0
9               000007000000000021000000000000000000                                                                           1
0000009122264505                  ZANDD ENTERPRISES BV      JVBABE22   00712627128 00000                                       2
12172BE95645100416758                  EUR0000000021148900081222ZANDD ENTERPRISES BV      Zichtrekening professioneel        172
21000100002022-00371           1000000000049950091222004020000670364XXXXXXX2003 09/12/2022 15:12 Communication: 50009122217201 0
22000100000011883                                                                                                            1 0
2300010000                                     Bytesatwork                                                                   0 1
31000100012022-00371           004020001001Bytesatwork                                                                       1 0
32000100012340 Beerse                                                                                                        0 0
8172BE95645100416758                  EUR0000000021098950091222                                                                0
9               000007000000000049950000000000000000                                                                           2
