0000003122264505                  ZANDD ENTERPRISES BV      JVBABE22   00712627128 00000                                       2
12169BE95645100416758                  EUR0000000022525880301122ZANDD ENTERPRISES BV      Zichtrekening professioneel        169
21000100002022-00364           1000000000200000031222001010000eindejaarsuitkering 2022                             03122216901 0
2200010000                                                                                        RABONL2U                   1 0
2300010000NL47RABO0332155048                   Zsuzsanna takacs                                                              0 1
31000100012022-00364           001010001001Zsuzsanna takacs                                                                  1 0
3200010001Brusselsesteenweg 614              3090                                                                            0 0
21000200002022-00365           1000000000200000031222001010000Eindejaarsuitkering DSAKHAN 2022                     03122216901 0
2200020000                                                                                        JVBABE22                   1 0
2300020000BE17645105243621                     Z.-D. Takacs-Kha                                                              0 1
31000200012022-00365           001010001001Z.-D. Takacs-Kha                                                                  1 0
3200020001LOUIZALAAN 341 341/5D              1050 Brussel (Elsene)                                                           0 0
8169BE95645100416758                  EUR0000000022125880031222                                                                0
9               000012000000000400000000000000000000                                                                           1
0000005122264505                  ZANDD ENTERPRISES BV      JVBABE22   00712627128 00000                                       2
12170BE95645100416758                  EUR0000000022125880031222ZANDD ENTERPRISES BV      Zichtrekening professioneel        170
21000100002022-00366           1000000000108590051222005010000FAK225199752                                         05122217001 0
2200010000                                                     982123027765                       GKCCBEBB                   1 0
2300010000BE84091010925259                     DE WATERGROEP                                                                 0 1
31000100012022-00366           005010001001DE WATERGROEP                                                                     1 0
3200010001VOORUITGANGSTRAAT                   189                                                                            0 0
21000200002022-00367           1000000000499990051222011010000Aank. 3,0755 UNIVERSAL INVEST HI aan 162,57255 EUR   05122217001 0
2200020000Effectenrekening 329862 borderel 826783              531653                                                        0 0
21000300002022-00368           1000000000068950051222004020000670364XXXXXXX2003 05/12/2022 09:30                   05122217001 0
2200030000                                                                                                                   1 0
2300030000                                     Bol.com                                                                       0 1
31000300012022-00368           004020001001Bol.com                                                                           1 0
32000300013528 BJ UTRECHT                                                                                                    0 0
21000400002022-00369           1000000000278450051222004020000670364XXXXXXX2003 05/12/2022 11:05 Communication: Uw 05122217001 0
2200040000bestelling bij 123inkt.be                                                                                          1 0
2300040000                                     123Inkt                                                                       0 1
31000400012022-00369           004020001001123Inkt                                                                           1 0
32000400011394 PC NEDERHORST                                                                                                 0 0
8170BE95645100416758                  EUR0000000021169900051222                                                                0
9               000019000000000955980000000000000000                                                                           1
0000008122264505                  ZANDD ENTERPRISES BV      JVBABE22   00712627128 00000                                       2
12171BE95645100416758                  EUR0000000021169900051222ZANDD ENTERPRISES BV      Zichtrekening professioneel        171
21000100002022-00370           1000000000021000081222004020000670364XXXXXXX2003 08/12/2022 07:20                   08122217101 0
2200010000                                                                                                                   1 0
2300010000                                     FORME FS SOCIETE DES T                                                        0 1
31000100012022-00370           004020001001FORME FS SOCIETE DES T                                                            1 0
32000100011000 Bruxelles                                                                                                     0 0
8171BE95645100416758                  EUR0000000021148900081222                                                                0
9               000007000000000021000000000000000000                                                                           1
0000009122264505                  ZANDD ENTERPRISES BV      JVBABE22   00712627128 00000                                       2
12172BE95645100416758                  EUR0000000021148900081222ZANDD ENTERPRISES BV      Zichtrekening professioneel        172
21000100002022-00371           1000000000049950091222004020000670364XXXXXXX2003 09/12/2022 15:12 Communication: 50009122217201 0
22000100000011883                                                                                                            1 0
2300010000                                     Bytesatwork                                                                   0 1
31000100012022-00371           004020001001Bytesatwork                                                                       1 0
32000100012340 Beerse                                                                                                        0 0
8172BE95645100416758                  EUR0000000021098950091222                                                                0
9               000007000000000049950000000000000000                                                                           1
0000011122264505                  ZANDD ENTERPRISES BV      JVBABE22   00712627128 00000                                       2
12173BE95645100416758                  EUR0000000021098950091222ZANDD ENTERPRISES BV      Zichtrekening professioneel        173
21000100002022-00372           1000000000152700111222004020000670364XXXXXXX2003 11/12/2022 15:13 Communication: Uw 11122217301 0
2200010000bestelling bij 123inkt.be                                                                                          1 0
2300010000                                     123Inkt                                                                       0 1
31000100012022-00372           004020001001123Inkt                                                                           1 0
32000100011394 PC NEDERHORST                                                                                                 0 0
21000200002022-00373           1000000000015000111222004020000670364XXXXXXX2003 11/12/2022 17:19 Communication: 6UM11122217301 0
2200020000HADI 1663394936515 payment                                                                                         1 0
2300020000                                     Mobile Vikings                                                                0 1
31000200012022-00373           004020001001Mobile Vikings                                                                    1 0
32000200013500 Hasselt                                                                                                       0 0
21000300002022-00374           1000000005070560111222001010000                                                     11122217301 0
2200030000                                                                                        BBRUBEBB                   1 0
2300030000BE17310001380621                     Partena svz                                                                   0 1
31000300012022-00374           001010001001Partena svz                                                                       1 0
3200030001Kartuizerstraat 45                 1000 Brussel                                                                    0 0
21000400002022-00375           1000000000217150111222001010001101225181297977                                      11122217301 0
2200040000                                                                                        BBRUBEBB                   1 0
2300040000BE02375111099940                     Vlaamse Belastingdienst                                                       0 1
31000400012022-00375           001010001001Vlaamse Belastingdienst                                                           1 0
3200040001Vaartstraat16                      9300 Aalst                                                                      0 0
21000500002022-00376           1000000003750000111222001010001101201347950363                                      11122217301 0
2200050000                                                                                        PCHQBEBB                   1 0
2300050000BE79679200221033                     Ontvanger Roerende voorheffing                                                0 1
31000500012022-00376           001010001001Ontvanger Roerende voorheffing                                                    1 0
3200050001Koning Albert II-laan 33 bus 42 1031030 Brussel                                                                    0 0
21000600002022-00377           1000000000072840111222001010000F2022/9621                                           11122217301 0
2200060000                                                                                        GEBABEBB                   1 0
2300060000BE49235021763071                     The Waterpurifier                                                             0 1
31000600012022-00377           001010001001The Waterpurifier                                                                 1 0
3200060001Genebroekstraat 82                 B--3581 Beverlo                                                                 0 0
21000700002022-00378           1000000000347500111222001010001101922303858396                                      11122217301 0
2200070000                                                                                        KREDBEBB                   1 0
2300070000BE95435410977158                     Liantis sociaal Secretariaat vzw ve                                           0 1
31000700012022-00378           001010001001Liantis sociaal Secretariaat vzw vennootschapsbijdrage                            0 0
21000800002022-00379           1000000004480000111222001010001101712627161162                                      11122217301 0
2200080000                                                                                        PCHQBEBB                   1 0
2300080000BE96679200227905                     Fod Financien Inning en Invordering                                           0 1
31000800012022-00379           001010001001Fod Financien Inning en Invordering                                               1 0
3200080001Zwartzustervest 24/32              2800 Mechelen                                                                   0 0
21000900002022-00380           1000000001561840111222001010001101422818586395                                      11122217301 0
2200090000                                                                                        KREDBEBB                   1 0
2300090000BE56435410980188                     Liantis sociaal secretariaat vzw                                              0 1
31000900012022-00380           001010001001Liantis sociaal secretariaat vzw                                                  1 0
3200090001Willebroekkaai 37                  1000 Brussel                                                                    0 0
21001000002022-00381           1000000000072840111222001010000F2022/9039                                           11122217301 0
2200100000                                                                                        GEBABEBB                   1 0
2300100000BE49235021763071                     The Waterpurifier                                                             0 1
31001000012022-00381           001010001001The Waterpurifier                                                                 1 0
3200100001Genebroekstraat 82                 B--3581 Beverlo                                                                 0 0
8173BE95645100416758                  EUR0000000005358520111222                                                                0
9               000051000000015740430000000000000000                                                                           1
0000014122264505                  ZANDD ENTERPRISES BV      JVBABE22   00712627128 00000                                       2
12174BE95645100416758                  EUR0000000005358520111222ZANDD ENTERPRISES BV      Zichtrekening professioneel        174
21000100002022-00382           0000000000020500141222002500000 CONTRACT 99604603                                   14122217401 0
2200010000                                                     NOTPROVIDED                        KREDBEBB                   1 0
2300010000BE75439811100151                     VERASSFIN BV                                                                  0 1
31000100012022-00382           002500001001VERASSFIN BV                                                                      1 0
3200010001HENRY DUNANTLAAN     23   B0       1140     EVERE                                                                  0 0
8174BE95645100416758                  EUR0000000005379020141222                                                                0
9               000007000000000000000000000000020500                                                                           1
0000018122264505                  ZANDD ENTERPRISES BV      JVBABE22   00712627128 00000                                       2
12175BE95645100416758                  EUR0000000005379020141222ZANDD ENTERPRISES BV      Zichtrekening professioneel        175
21000100002022-00383           1000000000072840181222001010000F2022/10087                                          18122217501 0
2200010000                                                                                        GEBABEBB                   1 0
2300010000BE49235021763071                     The Waterpurifier                                                             0 1
31000100012022-00383           001010001001The Waterpurifier                                                                 1 0
3200010001Genebroekstraat 82                 B--3581 Beverlo                                                                 0 0
21000200002022-00384           1000000000201930181222001010001101720779460787                                      18122217501 0
2200020000                                                                                        GEBABEBB                   1 0
2300020000BE82210000088968                     Proximus                                                                      0 1
31000200012022-00384           001010001001Proximus                                                                          1 0
3200020001Koning Albert II-laan 27           1030 Brussel                                                                    0 0
8175BE95645100416758                  EUR0000000005104250181222                                                                0
9               000012000000000274770000000000000000                                                                           1
0000022122264505                  ZANDD ENTERPRISES BV      JVBABE22   00712627128 00000                                       2
12176BE95645100416758                  EUR0000000005104250181222ZANDD ENTERPRISES BV      Zichtrekening professioneel        176
21000100002022-00385           10000000002637802212220050100003477-2022-979INV                                     22122217601 0
2200010000                                                     163373-531X74-TMSBEL               INGBNL2A                   1 0
2300010000NL92INGB0006087442                   IWG Belgium BV                                                                0 1
31000100012022-00385           005010001001IWG Belgium BV                                                                    1 0
3200010001Louizalaan 65 bus 11               1050 Brussel BE                                                                 0 0
8176BE95645100416758                  EUR0000000004840470221222                                                                0
9               000007000000000263780000000000000000                                                                           1
0000027122264505                  ZANDD ENTERPRISES BV      JVBABE22   00712627128 00000                                       2
12177BE95645100416758                  EUR0000000004840470221222ZANDD ENTERPRISES BV      Zichtrekening professioneel        177
21000100002022-00386           1000000001019800271222005010000SI22/265950                                          27122217701 0
2200010000                                                     SDD-836774-7894736                 GEBABEBB                   1 0
2300010000BE42001839300054                     VOLVO                                                                         0 1
31000100012022-00386           005010001001VOLVO                                                                             0 0
8177BE95645100416758                  EUR0000000003820670271222                                                                0
9               000006000000001019800000000000000000                                                                           1
0000028122264505                  ZANDD ENTERPRISES BV      JVBABE22   00712627128 00000                                       2
12178BE95645100416758                  EUR0000000003820670271222ZANDD ENTERPRISES BV      Zichtrekening professioneel        178
21000100002022-00387           10000000000496602812220050100001024294643528 PAYPAL                                 28122217801 0
2200010000                                                     1024294643528 PAYPAL               DEUTDEFF                   1 0
2300010000DE88500700100175526303               PayPal (Europe) S.a r.l. et Cie, S.                                           0 1
31000100012022-00387           005010001001PayPal (Europe) S.a r.l. et Cie, S.C.A.                                           0 0
21000200002022-00388           1000000000000020281222004020000670364XXXXXXX2003 28/12/2022 18:43 Communication: 5IT28122217801 0
2200020000L3FL WWW.AMAZON.COM.BE                                                                                             1 0
2300020000                                     Amazon EU Sarl                                                                0 1
31000200012022-00388           004020001001Amazon EU Sarl                                                                    1 0
32000200011855 Luxembourg                                                                                                    0 0
21000300002022-00389           1000000000189000281222004020000670364XXXXXXX2003 28/12/2022 18:53 Communication: 6BL28122217801 0
2200030000PFYS WWW.AMAZON.COM.BE                                                                                             1 0
2300030000                                     Amazon BE Retail                                                              0 1
31000300012022-00389           004020001001Amazon BE Retail                                                                  1 0
32000300011855 Luxembourg                                                                                                    0 0
8178BE95645100416758                  EUR0000000003581990281222                                                                0
9               000016000000000238680000000000000000                                                                           1
0000029122264505                  ZANDD ENTERPRISES BV      JVBABE22   00712627128 00000                                       2
12179BE95645100416758                  EUR0000000003581990281222ZANDD ENTERPRISES BV      Zichtrekening professioneel        179
21000100002022-00390           0000000036654140291222001500000Betaling RC ZANDD                                    29122217901 0
2200010000                                                                                        JVBABE22                   1 0
2300010000BE17645105243621                     Takacs-Kha Z.-D.                                                              0 1
31000100012022-00390           001500001001Takacs-Kha Z.-D.                                                                  1 0
3200010001LOUIZALAAN 341 341/5D              1050 Brussel (Elsene)                                                           0 0
21000200002022-00391           1000000002859360291222001010001101071262712841                                      29122217901 0
2200020000                                                                                        PCHQBEBB                   1 0
2300020000BE22679200300047                     Btw ontvangsten Brussel                                                       0 1
31000200012022-00391           001010001001Btw ontvangsten Brussel                                                           1 0
3200020001kruidtuinlaan 50 bus3402           1000, brussel                                                                   0 0
21000300002022-00392           1000000003554910291222001010000Loon 12/2022                                         29122217901 0
2200030000                                                                                        JVBABE22                   1 0
2300030000BE17645105243621                     Z.-D. Takacs-Kha                                                              0 1
31000300012022-00392           001010001001Z.-D. Takacs-Kha                                                                  0 0
21000400002022-00393           1000000001400000291222001010000Voorschot Autersrechten  december 2022               29122217901 0
2200040000                                                                                        JVBABE22                   1 0
2300040000BE17645105243621                     Z.-D. Takacs-Kha                                                              0 1
31000400012022-00393           001010001001Z.-D. Takacs-Kha                                                                  1 0
3200040001LOUIZALAAN 341 341/5D              1050 Brussel (Elsene)                                                           0 0
21000500002022-00394           1000000000220050291222001010000Loon 12/2022                                         29122217901 0
2200050000                                                                                        RABONL2U                   1 0
2300050000NL47RABO0332155048                   Zsuzsanna takacs                                                              0 1
31000500012022-00394           001010001001Zsuzsanna takacs                                                                  1 0
3200050001louizalaan 341, Appartment 5D      1050                                                                            0 0
21000600002022-00395           1000000000065340291222001010000F2022/10236                                          29122217901 0
2200060000                                                                                        GEBABEBB                   1 0
2300060000BE49235021763071                     The Waterpurifier                                                             0 1
31000600012022-00395           001010001001The Waterpurifier                                                                 1 0
3200060001Genebroekstraat 82                 B--3581 Beverlo                                                                 0 0
21000700002022-00396           1000000000341580291222001010001101034872500009                                      29122217901 0
2200070000                                                                                        GEBABEBB                   1 0
2300070000BE22210005809847                     Sodexo Pass Belgium sa/nv                                                     0 1
31000700012022-00396           001010001001Sodexo Pass Belgium sa/nv                                                         1 0
3200070001Pleinlaan 15                       1050 Brussel                                                                    0 0
21000800002022-00397           0000000020594200291222001500000INV.NR.20221130.064.DSAK                             29122217901 0
2200080000                                                     00004211/50 2022-12-29             BBRUBEBB           SUPP    1 0
2300080000BE22320006273647                     CRONOS INTERNATIONAL                                                          0 1
31000800012022-00397           001500001001CRONOS INTERNATIONAL                                                              1 0
3200080001RUE PAFEBRUCH 89                   CAPELLEN         8308                                                           0 0
21000900002022-00398           0000000000032800291222001500000WWW.AMAZON.COM.BE                                    29122217901 0
2200090000                                                     6FSIUR8                            KREDBEBB                   1 0
2300090000BE19739020856112                     PPRO PAYMENT SERVICES SA                                                      0 1
31000900012022-00398           001500001001PPRO PAYMENT SERVICES SA                                                          1 0
3200090001RUE DE BRAGANCE      48            1255    LUXEMBOURG                                                              0 0
21001000002022-00399           1000000000015000291222004020000670364XXXXXXX2003 29/12/2022 19:21 Communication: 5RU29122217901 0
2200100000077R 1663394936515 payment                                                                                         1 0
2300100000                                     Mobile Vikings                                                                0 1
31001000012022-00399           004020001001Mobile Vikings                                                                    1 0
32001000013500 Hasselt                                                                                                       0 0
8179BE95645100416758                  EUR0000000052406890291222                                                                0
9               000051000000008456240000000057281140                                                                           1
0000030122264505                  ZANDD ENTERPRISES BV      JVBABE22   00712627128 00000                                       2
12180BE95645100416758                  EUR0000000052406890291222ZANDD ENTERPRISES BV      Zichtrekening professioneel        180
21000100002022-00400           1000000001800000301222001030000HUUR BRUSSELSESTWG 614 OVERIJSE   OLISLAEGERS VASTGOE30122218001 0
2200010000D NV                                                                                    KREDBEBB                   1 0
2300010000BE35737056463137                     OLISLAEGERS VASTGOED NV                                                       0 1
31000100012022-00400           001030001001OLISLAEGERS VASTGOED NV                                                           0 0
21000200002022-00401           1000000000314000301222001010001101729011222109                                      30122218001 0
2200020000                                                                                        BBRUBEBB                   1 0
2300020000BE86335013434950                     Peumans Bvba                                                                  0 1
31000200012022-00401           001010001001Peumans Bvba                                                                      0 0
21000300002022-00402           1000000000314000301222001010001101594021122191                                      30122218001 0
2200030000                                                                                        BBRUBEBB                   1 0
2300030000BE86335013434950                     Peumans Bvba                                                                  0 1
31000300012022-00402           001010001001Peumans Bvba                                                                      0 0
21000400002022-00403           1000000000196590301222001010000EXP.31102022.010.DSAK                                30122218001 0
2200040000                                                                                        JVBABE22                   1 0
2300040000BE17645105243621                     Z.-D. Takacs-Kha                                                              0 1
31000400012022-00403           001010001001Z.-D. Takacs-Kha                                                                  1 0
3200040001LOUIZALAAN 341 341/5D              1050 Brussel (Elsene)                                                           0 0
21000500002022-00404           1000000000617990301222001010000EXP.31112022.011.DSAK                                30122218001 0
2200050000                                                                                        JVBABE22                   1 0
2300050000BE17645105243621                     Z.-D. Takacs-Kha                                                              0 1
31000500012022-00404           001010001001Z.-D. Takacs-Kha                                                                  1 0
3200050001LOUIZALAAN 341 341/5D              1050 Brussel (Elsene)                                                           0 0
21000600002022-00405           1000000000455260301222001010000EXP.31122022.012.DSAK                                30122218001 0
2200060000                                                                                        JVBABE22                   1 0
2300060000BE17645105243621                     Z.-D. Takacs-Kha                                                              0 1
31000600012022-00405           001010001001Z.-D. Takacs-Kha                                                                  1 0
3200060001LOUIZALAAN 341 341/5D              1050 Brussel (Elsene)                                                           0 0
21000700002022-00406           1000000000046300301222001010000EXP.31112022.011.ZT                                  30122218001 0
2200070000                                                                                        RABONL2U                   1 0
2300070000NL47RABO0332155048                   Zsuzsanna takacs                                                              0 1
31000700012022-00406           001010001001Zsuzsanna takacs                                                                  1 0
3200070001louizalaan 341, Appartment 5D      1050                                                                            0 0
8180BE95645100416758                  EUR0000000048662750301222                                                                0
9               000034000000003744140000000000000000                                                                           2
