0000001112264505                  ZANDD ENTERPRISES BV      JVBABE22   00712627128 00000                                       2
12157BE95645100416758                  EUR0000000018060770311022ZANDD ENTERPRISES BV      Zichtrekening professioneel        157
21000100002022-00339           1000000000379890011122004020000670364XXXXXXX2003 01/11/2022 11:21 Communication: 4ZH01112215701 0
2200010000OIHR AMAZON.DE                                                                                                     1 0
2300010000                                     Amazon DE                                                                     0 1
31000100012022-00339           004020001001Amazon DE                                                                         1 0
3200010001Luxembourg                                                                                                         0 0
8157BE95645100416758                  EUR0000000017680880011122                                                                0
9               000007000000000379890000000000000000                                                                           1
0000002112264505                  ZANDD ENTERPRISES BV      JVBABE22   00712627128 00000                                       2
12158BE95645100416758                  EUR0000000017680880011122ZANDD ENTERPRISES BV      Zichtrekening professioneel        158
21000100002022-00340           1000000000021000021122004020000670364XXXXXXX2003 02/11/2022 11:53                   02112215801 0
2200010000                                                                                                                   1 0
2300010000                                     FORME FS SOCIETE DES T                                                        0 1
31000100012022-00340           004020001001FORME FS SOCIETE DES T                                                            1 0
3200010001Bruxelles                                                                                                          0 0
8158BE95645100416758                  EUR0000000017659880021122                                                                0
9               000007000000000021000000000000000000                                                                           1
0000004112264505                  ZANDD ENTERPRISES BV      JVBABE22   00712627128 00000                                       2
12159BE95645100416758                  EUR0000000017659880021122ZANDD ENTERPRISES BV      Zichtrekening professioneel        159
21000100002022-00341           1000000000500000041122011010000Aank. 3,2048 UNIVERSAL INVEST HI aan 156,01565 EUR   04112215901 0
2200010000Effectenrekening 329862 borderel 766043              519358                                                        0 0
8159BE95645100416758                  EUR0000000017159880041122                                                                0
9               000004000000000500000000000000000000                                                                           1
0000014112264505                  ZANDD ENTERPRISES BV      JVBABE22   00712627128 00000                                       2
12160BE95645100416758                  EUR0000000017159880041122ZANDD ENTERPRISES BV      Zichtrekening professioneel        160
21000100002022-00342           1000000000163350141122001010001101095390843152                                      14112216001 0
2200010000                                                                                        KREDBEBB                   1 0
2300010000BE58731050198279                     Amitech-Andy Miceli                                                           0 1
31000100012022-00342           001010001001Amitech-Andy Miceli                                                               1 0
3200010001Kleine Amer 14                     2870 Puurs-Sint-Amands, Antwerpen                                               0 0
21000200002022-00343           1000000000636980141122001010001101923988521761                                      14112216001 0
2200020000                                                                                        KREDBEBB                   1 0
2300020000BE58731050198279                     Amitech-Andy Miceli                                                           0 1
31000200012022-00343           001010001001Amitech-Andy Miceli                                                               1 0
3200020001Kleine Amer 14                     2870 Puurs-Sint-Amands, Antwerpen                                               0 0
21000300002022-00344           1000000001536430141122001010001101120482697361                                      14112216001 0
2200030000                                                                                        KREDBEBB                   1 0
2300030000BE58731050198279                     Amitech-Andy Miceli                                                           0 1
31000300012022-00344           001010001001Amitech-Andy Miceli                                                               1 0
3200030001Kleine Amer 14                     2870 Puurs-Sint-Amands, Antwerpen                                               0 0
8160BE95645100416758                  EUR0000000014823120141122                                                                0
9               000017000000002336760000000000000000                                                                           1
0000016112264505                  ZANDD ENTERPRISES BV      JVBABE22   00712627128 00000                                       2
12161BE95645100416758                  EUR0000000014823120141122ZANDD ENTERPRISES BV      Zichtrekening professioneel        161
21000100002022-00345           10000000001200001611220050100001023484961161 PAYPAL                                 16112216101 0
2200010000                                                     1023484961161 PAYPAL               DEUTDEFF                   1 0
2300010000DE88500700100175526303               PayPal (Europe) S.a r.l. et Cie, S.                                           0 1
31000100012022-00345           005010001001PayPal (Europe) S.a r.l. et Cie, S.C.A.                                           0 0
21000200002022-00346           10000000000990001611220050100001023500766793 PAYPAL                                 16112216101 0
2200020000                                                     1023500766793 PAYPAL               DEUTDEFF                   1 0
2300020000DE88500700100175526303               PayPal (Europe) S.a r.l. et Cie, S.                                           0 1
31000200012022-00346           005010001001PayPal (Europe) S.a r.l. et Cie, S.C.A.                                           0 0
8161BE95645100416758                  EUR0000000014604120161122                                                                0
9               000010000000000219000000000000000000                                                                           1
0000018112264505                  ZANDD ENTERPRISES BV      JVBABE22   00712627128 00000                                       2
12162BE95645100416758                  EUR0000000014604120161122ZANDD ENTERPRISES BV      Zichtrekening professioneel        162
21000100002022-00347           10000000002637801811220050100003477-2022-876INV                                     18112216201 0
2200010000                                                     159809-513X74-TMSBEL               INGBNL2A                   1 0
2300010000NL92INGB0006087442                   IWG Belgium BV                                                                0 1
31000100012022-00347           005010001001IWG Belgium BV                                                                    1 0
3200010001Louizalaan 65 bus 11               1050 Brussel BE                                                                 0 0
8162BE95645100416758                  EUR0000000014340340181122                                                                0
9               000007000000000263780000000000000000                                                                           1
0000023112264505                  ZANDD ENTERPRISES BV      JVBABE22   00712627128 00000                                       2
12163BE95645100416758                  EUR0000000014340340181122ZANDD ENTERPRISES BV      Zichtrekening professioneel        163
21000100002022-00348           10000000001790002311220050100001023622824138 PAYPAL                                 23112216301 0
2200010000                                                     1023622824138                      BCLXLULL                   1 0
2300010000LU27999000135104200E                 PayPal Europe S.a.r.l. et Cie S.C.A                                           0 1
31000100012022-00348           005010001001PayPal Europe S.a.r.l. et Cie S.C.A                                               0 0
8163BE95645100416758                  EUR0000000014161340231122                                                                0
9               000006000000000179000000000000000000                                                                           1
0000025112264505                  ZANDD ENTERPRISES BV      JVBABE22   00712627128 00000                                       2
12164BE95645100416758                  EUR0000000014161340231122ZANDD ENTERPRISES BV      Zichtrekening professioneel        164
21000100002022-00349           0000000020594200251122001500000INV.NR.20221031.063.DSAK                             25112216401 0
2200010000                                                     00004121/310 2022-11-25            BBRUBEBB           SUPP    1 0
2300010000BE22320006273647                     CRONOS INTERNATIONAL                                                          0 1
31000100012022-00349           001500001001CRONOS INTERNATIONAL                                                              1 0
3200010001RUE PAFEBRUCH 89                   CAPELLEN         8308                                                           0 0
8164BE95645100416758                  EUR0000000034755540251122                                                                0
9               000007000000000000000000000020594200                                                                           2
