0000002082264505                  ZANDD ENTERPRISES BV      JVBABE22   00712627128 00000                                       2
12108BE95645100416758                  EUR0000000007285850300722ZANDD ENTERPRISES BV      Zichtrekening professioneel        108
21000100002022-00244           1000000000220430020822001010001101720494959181                                      02082210801 0
2200010000                                                                                        GEBABEBB                   1 0
2300010000BE82210000088968                     Proximus                                                                      0 1
31000100012022-00244           001010001001Proximus                                                                          1 0
3200010001Koning Albert II-laan 27           1030 Brussel                                                                    0 0
21000200002022-00245           1000000000078650020822001010001101678436689371                                      02082210801 0
2200020000                                                                                        KREDBEBB                   1 0
2300020000BE58731050198279                     Amitech-Andy Miceli                                                           0 1
31000200012022-00245           001010001001Amitech-Andy Miceli                                                               1 0
3200020001Kleine Amer 14                     2870 Puurs-Sint-Amands, Antwerpen                                               0 0
8108BE95645100416758                  EUR0000000006986770020822                                                                0
9               000012000000000299080000000000000000                                                                           1
0000003082264505                  ZANDD ENTERPRISES BV      JVBABE22   00712627128 00000                                       2
12109BE95645100416758                  EUR0000000006986770020822ZANDD ENTERPRISES BV      Zichtrekening professioneel        109
21000100002022-00246           1000000000499990030822011010000Aank. 3,0184 UNIVERSAL INVEST HIGH aan 165,648 EUR   03082210901 0
2200010000Effectenrekening 329862 borderel 580550              482262                                                        0 0
21000200002022-00247           1000000000035190030822004020000670364XXXXXXX2003 03/08/2022 16:31                   03082210901 0
2200020000                                                                                                                   1 0
2300020000                                     SignMaxBE                                                                     0 1
31000200012022-00247           004020001001SignMaxBE                                                                         1 0
3200020001PARTILLE                                                                                                           0 0
8109BE95645100416758                  EUR0000000006451590030822                                                                0
9               000009000000000535180000000000000000                                                                           1
0000004082264505                  ZANDD ENTERPRISES BV      JVBABE22   00712627128 00000                                       2
12110BE95645100416758                  EUR0000000006451590030822ZANDD ENTERPRISES BV      Zichtrekening professioneel        110
21000100002022-00248           1000000001134910040822001010001101273235307135                                      04082211001 0
2200010000                                                                                        KREDBEBB                   1 0
2300010000BE58731050198279                     Amitech-Andy Miceli                                                           0 1
31000100012022-00248           001010001001Amitech-Andy Miceli                                                               1 0
3200010001Kleine Amer 14                     2870 Puurs-Sint-Amands, Antwerpen                                               0 0
8110BE95645100416758                  EUR0000000005316680040822                                                                0
9               000007000000001134910000000000000000                                                                           1
0000006082264505                  ZANDD ENTERPRISES BV      JVBABE22   00712627128 00000                                       2
12111BE95645100416758                  EUR0000000005316680040822ZANDD ENTERPRISES BV      Zichtrekening professioneel        111
21000100002022-00249           1000000000021000060822004020000670364XXXXXXX2003 06/08/2022 12:39                   06082211101 0
2200010000                                                                                                                   1 0
2300010000                                     FORME FS SOCIETE DES T                                                        0 1
31000100012022-00249           004020001001FORME FS SOCIETE DES T                                                            1 0
3200010001Bruxelles                                                                                                          0 0
8111BE95645100416758                  EUR0000000005295680060822                                                                0
9               000007000000000021000000000000000000                                                                           1
0000007082264505                  ZANDD ENTERPRISES BV      JVBABE22   00712627128 00000                                       2
12112BE95645100416758                  EUR0000000005295680060822ZANDD ENTERPRISES BV      Zichtrekening professioneel        112
21000100002022-00250           1000000000090440070822001010001101005341245079                                      07082211201 0
2200010000                                                                                        GEBABEBB                   1 0
2300010000BE50001815676918                     Eneco Belgium nv                                                              0 1
31000100012022-00250           001010001001Eneco Belgium nv                                                                  1 0
3200010001Battelsesteenweg 455i              2800 Mechelen                                                                   0 0
8112BE95645100416758                  EUR0000000005205240070822                                                                0
9               000007000000000090440000000000000000                                                                           1
0000008082264505                  ZANDD ENTERPRISES BV      JVBABE22   00712627128 00000                                       2
12113BE95645100416758                  EUR0000000005205240070822ZANDD ENTERPRISES BV      Zichtrekening professioneel        113
21000100002022-00251           1000000000161950080822004020000670364XXXXXXX2003 08/08/2022 11:31 Communication: 4NM08082211301 0
22000100002STR AMZN MKTP NL                                                                                                  1 0
2300010000                                     Amazon Mrktplc                                                                0 1
31000100012022-00251           004020001001Amazon Mrktplc                                                                    1 0
3200010001Luxembourg                                                                                                         0 0
8113BE95645100416758                  EUR0000000005043290080822                                                                0
9               000007000000000161950000000000000000                                                                           1
0000009082264505                  ZANDD ENTERPRISES BV      JVBABE22   00712627128 00000                                       2
12114BE95645100416758                  EUR0000000005043290080822ZANDD ENTERPRISES BV      Zichtrekening professioneel        114
21000100002022-00252           1000000000122040090822004020000670364XXXXXXX2003 09/08/2022 08:42                   09082211401 0
2200010000                                                                                                                   1 0
2300010000                                     KaffeKapslen                                                                  0 1
31000100012022-00252           004020001001KaffeKapslen                                                                      1 0
3200010001HASSELAGER                                                                                                         0 0
21000200002022-00253           0000000000003020090822001500000AMZN MKTP NL                                         09082211401 0
2200020000                                                     4ARGTJV                            KREDBEBB                   1 0
2300020000BE19739020856112                     PPRO PAYMENT SERVICES SA                                                      0 1
31000200012022-00253           001500001001PPRO PAYMENT SERVICES SA                                                          1 0
3200020001RUE DE BRAGANCE      48            1255    LUXEMBOURG                                                              0 0
8114BE95645100416758                  EUR0000000004924270090822                                                                0
9               000012000000000122040000000000003020                                                                           1
0000010082264505                  ZANDD ENTERPRISES BV      JVBABE22   00712627128 00000                                       2
12115BE95645100416758                  EUR0000000004924270090822ZANDD ENTERPRISES BV      Zichtrekening professioneel        115
21000100002022-00254           1000000000021000100822004020000670364XXXXXXX2003 10/08/2022 18:14                   10082211501 0
2200010000                                                                                                                   1 0
2300010000                                     FORME FS SOCIETE DES T                                                        0 1
31000100012022-00254           004020001001FORME FS SOCIETE DES T                                                            1 0
3200010001Bruxelles                                                                                                          0 0
21000200002022-00255           1000000000021000100822004020000670364XXXXXXX2003 10/08/2022 18:17                   10082211501 0
2200020000                                                                                                                   1 0
2300020000                                     FORME FS SOCIETE DES T                                                        0 1
31000200012022-00255           004020001001FORME FS SOCIETE DES T                                                            1 0
3200020001Bruxelles                                                                                                          0 0
8115BE95645100416758                  EUR0000000004882270100822                                                                0
9               000012000000000042000000000000000000                                                                           1
0000011082264505                  ZANDD ENTERPRISES BV      JVBABE22   00712627128 00000                                       2
12116BE95645100416758                  EUR0000000004882270100822ZANDD ENTERPRISES BV      Zichtrekening professioneel        116
21000100002022-00256           10000000000529001108220040200009148272430066 10/08/22 22:39 P2P MOBILE Souhal Faouzi11082211601 0
2200010000                                                     666/4106223067/8                   GKCCBEBB                   1 0
2300010000BE13063687206639                     Souhal Faouzi                                                                 0 1
31000100012022-00256           004020001001Souhal Faouzi                                                                     1 0
3200010001                                   P2P MOBILE                                                                      0 0
8116BE95645100416758                  EUR0000000004829370110822                                                                0
9               000007000000000052900000000000000000                                                                           1
0000018082264505                  ZANDD ENTERPRISES BV      JVBABE22   00712627128 00000                                       2
12117BE95645100416758                  EUR0000000004829370110822ZANDD ENTERPRISES BV      Zichtrekening professioneel        117
21000100002022-00257           10000000002420001808220050100003477-2022-611INV                                     18082211701 0
2200010000                                                     148601-507X74-TMSBEL               INGBNL2A                   1 0
2300010000NL92INGB0006087442                   IWG Belgium BV                                                                0 1
31000100012022-00257           005010001001IWG Belgium BV                                                                    1 0
3200010001Louizalaan 65 bus 11               1050 Brussel BE                                                                 0 0
8117BE95645100416758                  EUR0000000004587370180822                                                                0
9               000007000000000242000000000000000000                                                                           2
