0000001052264505                  ZANDD ENTERPRISES BV      JVBABE22   00712627128 00000                                       2
12056BE95645100416758                  EUR0000000021285580290422ZANDD ENTERPRISES BV      Zichtrekening professioneel        056
21000100002022-00116           1000000002055170010522001010001101071262712841                                      01052205601 0
2200010000                                                                                        PCHQBEBB                   1 0
2300010000BE22679200300047                     Btw ontvangsten Brussel                                                       0 1
31000100012022-00116           001010001001Btw ontvangsten Brussel                                                           1 0
3200010001kruidtuinlaan 50 bus3402           1000, brussel                                                                   0 0
21000200002022-00117           1000000001400000010522001010000Voorschot Autersrechten April 2022                   01052205601 0
2200020000                                                                                        JVBABE22                   1 0
2300020000BE17645105243621                     Z.-D. Takacs-Kha                                                              0 1
31000200012022-00117           001010001001Z.-D. Takacs-Kha                                                                  1 0
3200020001LOUIZALAAN 341 341/5D              1050 Brussel (Elsene)                                                           0 0
21000300002022-00118           1000000000652930010522001010000vergoeding zakelijke deel huurkosten louisalaan 341  01052205601 0
2200030000                                                                                        JVBABE22                   1 0
2300030000BE17645105243621                     Z.-D. Takacs-Kha                                                              0 1
31000300012022-00118           001010001001Z.-D. Takacs-Kha                                                                  1 0
3200030001LOUIZALAAN 341 341/5D              1050 Brussel (Elsene)                                                           0 0
21000400002022-00119           1000000003554910010522001010000Loon 04/2022                                         01052205601 0
2200040000                                                                                        JVBABE22                   1 0
2300040000BE17645105243621                     Z.-D. Takacs-Kha                                                              0 1
31000400012022-00119           001010001001Z.-D. Takacs-Kha                                                                  0 0
21000500002022-00120           1000000000344010010522001010001101034446499449                                      01052205601 0
2200050000                                                                                        GEBABEBB                   1 0
2300050000BE22210005809847                     Sodexo Pass Belgium sa/nv                                                     0 1
31000500012022-00120           001010001001Sodexo Pass Belgium sa/nv                                                         1 0
3200050001Pleinlaan 15                       1050 Brussel                                                                    0 0
21000600002022-00121           1000000000220050010522001010000Loon 04/2022                                         01052205601 0
2200060000                                                                                        RABONL2U                   1 0
2300060000NL47RABO0332155048                   Zsuzsanna takacs                                                              0 1
31000600012022-00121           001010001001Zsuzsanna takacs                                                                  1 0
3200060001louizalaan 341, Appartment 5D      1050                                                                            0 0
21000700002022-00122           1000000000206770010522001010001101720322279781                                      01052205601 0
2200070000                                                                                        GEBABEBB                   1 0
2300070000BE82210000088968                     Proximus                                                                      0 1
31000700012022-00122           001010001001Proximus                                                                          1 0
3200070001Koning Albert II-laan 27           1030 Brussel                                                                    0 0
21000800002022-00123           1000000000172960010522001010001101121111771562                                      01052205601 0
2200080000                                                                                        GEBABEBB                   1 0
2300080000BE38001509424272                     TotalEnergies Power & Gas Belgium S                                           0 1
31000800012022-00123           001010001001TotalEnergies Power & Gas Belgium SA/NV                                           1 0
3200080001Rue Saint-Laurent 54               4000 Luik                                                                       0 0
21000900002022-00124           1000000000104180010522001010000Factuur F2022/3244                                   01052205601 0
2200090000                                                                                        GEBABEBB                   1 0
2300090000BE49235021763071                     The Waterpurifier                                                             0 1
31000900012022-00124           001010001001The Waterpurifier                                                                 1 0
3200090001Genebroekstraat 82                 B--3581 Beverlo                                                                 0 0
8056BE95645100416758                  EUR0000000012574600010522                                                                0
9               000046000000008710980000000000000000                                                                           1
0000002052264505                  ZANDD ENTERPRISES BV      JVBABE22   00712627128 00000                                       2
12057BE95645100416758                  EUR0000000012574600010522ZANDD ENTERPRISES BV      Zichtrekening professioneel        057
21000100002022-00125           100000000010110002052200101000021052421                                             02052205701 0
2200010000                                                                                        BBRUBEBB                   1 0
2300010000BE40320017100463                     123 INKT BVBA                                                                 0 1
31000100012022-00125           001010001001123 INKT BVBA                                                                     1 0
3200010001RIJVISSCHESTRAAT 118 BUS 2         9052 GENT                                                                       0 0
8057BE95645100416758                  EUR0000000012473500020522                                                                0
9               000007000000000101100000000000000000                                                                           1
0000003052264505                  ZANDD ENTERPRISES BV      JVBABE22   00712627128 00000                                       2
12058BE95645100416758                  EUR0000000012473500020522ZANDD ENTERPRISES BV      Zichtrekening professioneel        058
21000100002022-00126           10000000000348400305220050100001019837296764 PAYPAL                                 03052205801 0
2200010000                                                     1019837296764 PAYPAL               DEUTDEFF                   1 0
2300010000DE88500700100175526303               PayPal (Europe) S.a r.l. et Cie, S.                                           0 1
31000100012022-00126           005010001001PayPal (Europe) S.a r.l. et Cie, S.C.A.                                           0 0
21000200002022-00127           1000000000123350030522004020000670364XXXXXXX2003 03/05/2022 12:49                   03052205801 0
2200020000                                                                                                                   1 0
2300020000                                     Verhuisboxen.nl                                                               0 1
31000200012022-00127           004020001001Verhuisboxen.nl                                                                   1 0
3200020001Hardinxvel                                                                                                         0 0
8058BE95645100416758                  EUR0000000012315310030522                                                                0
9               000011000000000158190000000000000000                                                                           1
0000004052264505                  ZANDD ENTERPRISES BV      JVBABE22   00712627128 00000                                       2
12059BE95645100416758                  EUR0000000012315310030522ZANDD ENTERPRISES BV      Zichtrekening professioneel        059
21000100002022-00128           10000000000020000405220050100001019875014547 PAYPAL                                 04052205901 0
2200010000                                                     1019875014547 PAYPAL               DEUTDEFF                   1 0
2300010000DE88500700100175526303               PayPal (Europe) S.a r.l. et Cie, S.                                           0 1
31000100012022-00128           005010001001PayPal (Europe) S.a r.l. et Cie, S.C.A.                                           0 0
21000200002022-00129           1000000001750000040522001010000Rc                                                   04052205901 0
2200020000                                                                                        JVBABE22                   1 0
2300020000BE17645105243621                     Z.-D. Takacs-Kha                                                              0 1
31000200012022-00129           001010001001Z.-D. Takacs-Kha                                                                  1 0
3200020001LOUIZALAAN 341 341/5D              1050 Brussel (Elsene)                                                           0 0
21000300002022-00130           1000000000499990040522011010000Aank. 2,9873 UNIVERSAL INVEST HIG aan 167,3735 EUR   04052205901 0
2200030000Effectenrekening 329862 borderel 289923              445073                                                        0 0
8059BE95645100416758                  EUR0000000010063320040522                                                                0
9               000013000000002251990000000000000000                                                                           1
0000006052264505                  ZANDD ENTERPRISES BV      JVBABE22   00712627128 00000                                       2
12060BE95645100416758                  EUR0000000010063320040522ZANDD ENTERPRISES BV      Zichtrekening professioneel        060
21000100002022-00131           0000000009862440060522011500000Verk. 59,423 UNIVERSAL INVEST HIGH aan 165,97 EUR    06052206001 0
2200010000Effectenrekening 329862 borderel 297507              446556                                                        0 0
8060BE95645100416758                  EUR0000000019925760060522                                                                0
9               000004000000000000000000000009862440                                                                           1
0000007052264505                  ZANDD ENTERPRISES BV      JVBABE22   00712627128 00000                                       2
12061BE95645100416758                  EUR0000000019925760060522ZANDD ENTERPRISES BV      Zichtrekening professioneel        061
21000100002022-00132           1000000004800000070522001130000Huurwaarborg                                         07052206101 0
2200010000                                                                                        JVBABE22                   1 0
2300010000BE33645602827046                     Zandd Enterprises bv                                                          0 1
31000100012022-00132           001130001001Zandd Enterprises bv                                                              0 0
8061BE95645100416758                  EUR0000000015125760070522                                                                0
9               000006000000004800000000000000000000                                                                           1
0000009052264505                  ZANDD ENTERPRISES BV      JVBABE22   00712627128 00000                                       2
12062BE95645100416758                  EUR0000000015125760070522ZANDD ENTERPRISES BV      Zichtrekening professioneel        062
21000100002022-00133           1000000000314600090522001010001101411020522168                                      09052206201 0
2200010000                                                                                        BBRUBEBB                   1 0
2300010000BE86335013434950                     Peumans Bvba                                                                  0 1
31000100012022-00133           001010001001Peumans Bvba                                                                      0 0
8062BE95645100416758                  EUR0000000014811160090522                                                                0
9               000006000000000314600000000000000000                                                                           1
0000010052264505                  ZANDD ENTERPRISES BV      JVBABE22   00712627128 00000                                       2
12063BE95645100416758                  EUR0000000014811160090522ZANDD ENTERPRISES BV      Zichtrekening professioneel        063
21000100002022-00134           1000000001019800100522005010000SI22/086426                                          10052206301 0
2200010000                                                     SDD-801253-6230470                 GEBABEBB                   1 0
2300010000BE42001839300054                     VOLVO                                                                         0 1
31000100012022-00134           005010001001VOLVO                                                                             0 0
8063BE95645100416758                  EUR0000000013791360100522                                                                0
9               000006000000001019800000000000000000                                                                           1
0000013052264505                  ZANDD ENTERPRISES BV      JVBABE22   00712627128 00000                                       2
12064BE95645100416758                  EUR0000000013791360100522ZANDD ENTERPRISES BV      Zichtrekening professioneel        064
21000100002022-00135           1000000000030000130522004020000670364XXXXXXX2003 13/05/2022 09:24 Communication: Bpo13052206401 0
2200010000st 43358cb6-9576-4cde-b3bb-                                                                                        1 0
2300010000                                     BPOST                                                                         0 1
31000100012022-00135           004020001001BPOST                                                                             1 0
3200010001BRUXELLES                                                                                                          0 0
8064BE95645100416758                  EUR0000000013761360130522                                                                0
9               000007000000000030000000000000000000                                                                           1
0000014052264505                  ZANDD ENTERPRISES BV      JVBABE22   00712627128 00000                                       2
12065BE95645100416758                  EUR0000000013761360130522ZANDD ENTERPRISES BV      Zichtrekening professioneel        065
21000100002022-00136           1000000000213220140522001010001101720379625171                                      14052206501 0
2200010000                                                                                        GEBABEBB                   1 0
2300010000BE82210000088968                     Proximus                                                                      0 1
31000100012022-00136           001010001001Proximus                                                                          1 0
3200010001Koning Albert II-laan 27           1030 Brussel                                                                    0 0
8065BE95645100416758                  EUR0000000013548140140522                                                                0
9               000007000000000213220000000000000000                                                                           1
0000016052264505                  ZANDD ENTERPRISES BV      JVBABE22   00712627128 00000                                       2
12066BE95645100416758                  EUR0000000013548140140522ZANDD ENTERPRISES BV      Zichtrekening professioneel        066
21000100002022-00137           00000000000200001605220045000001347287200001405222317140522231742027076974601121023016052206601 0
22000100000000287200000000044000000000000000P2P MOBILE      000666/4104132872/Y                   KREDBEBB                   1 0
2300010000BE44736053930145                     BANKSYS                            05496                                      0 1
31000100012022-00137           004500001001BANKSYS                                                                           0 0
21000200002022-00138           1000000000061570160522004020000670364XXXXXXX2003 16/05/2022 13:05 Communication: Hul16052206601 0
2200020000pmiddelOnline.nl 215887065                                                                                         1 0
2300020000                                     HVM Zorg                                                                      0 1
31000200012022-00138           004020001001HVM Zorg                                                                          1 0
3200020001NIEUWLANDE                                                                                                         0 0
8066BE95645100416758                  EUR0000000013506570160522                                                                0
9               000011000000000061570000000000020000                                                                           1
0000018052264505                  ZANDD ENTERPRISES BV      JVBABE22   00712627128 00000                                       2
12067BE95645100416758                  EUR0000000013506570160522ZANDD ENTERPRISES BV      Zichtrekening professioneel        067
21000100002022-00139           10000000002420001805220050100003477-2022-351INV                                     18052206701 0
2200010000                                                     138540-559X74-TMSBEL               INGBNL2A                   1 0
2300010000NL92INGB0006087442                   IWG Belgium BV                                                                0 1
31000100012022-00139           005010001001IWG Belgium BV                                                                    1 0
3200010001Louizalaan 65 bus 11               1050 Brussel BE                                                                 0 0
21000200002022-00140           1000000000500000180522001010000Rc ipname                                            18052206701 0
2200020000                                                                                        JVBABE22                   1 0
2300020000BE17645105243621                     Z.-D. Takacs-Kha                                                              0 1
31000200012022-00140           001010001001Z.-D. Takacs-Kha                                                                  1 0
3200020001LOUIZALAAN 341 341/5D              1050 Brussel (Elsene)                                                           0 0
21000300002022-00141           1000000000010390180522004020000670364XXXXXXX2003 18/05/2022 17:12 Communication: 4PG18052206701 0
2200030000OAKU AMAZONRETAIL                                                                                                  1 0
2300030000                                     Amazon EU SARL                                                                0 1
31000300012022-00141           004020001001Amazon EU SARL                                                                    1 0
3200030001Luxembourg                                                                                                         0 0
8067BE95645100416758                  EUR0000000012754180180522                                                                0
9               000017000000000752390000000000000000                                                                           1
0000019052264505                  ZANDD ENTERPRISES BV      JVBABE22   00712627128 00000                                       2
12068BE95645100416758                  EUR0000000012754180180522ZANDD ENTERPRISES BV      Zichtrekening professioneel        068
21000100002022-00142           1000000000780920190522001010001101422705155811                                      19052206801 0
2200010000                                                                                        KREDBEBB                   1 0
2300010000BE56435410980188                     Liantis sociaal secretariaat vzw                                              0 1
31000100012022-00142           001010001001Liantis sociaal secretariaat vzw                                                  1 0
3200010001Willebroekkaai 37                  1000 Brussel                                                                    0 0
8068BE95645100416758                  EUR0000000011973260190522                                                                0
9               000007000000000780920000000000000000                                                                           1
0000022052264505                  ZANDD ENTERPRISES BV      JVBABE22   00712627128 00000                                       2
12069BE95645100416758                  EUR0000000011973260190522ZANDD ENTERPRISES BV      Zichtrekening professioneel        069
21000100002022-00143           1000000000071280220522004020000670364XXXXXXX2003 22/05/2022 07:40 Communication: 4VK22052206901 0
2200010000QH4N AMZN MKTP NL                                                                                                  1 0
2300010000                                     Amazon Mrktplc                                                                0 1
31000100012022-00143           004020001001Amazon Mrktplc                                                                    1 0
3200010001Luxembourg                                                                                                         0 0
8069BE95645100416758                  EUR0000000011901980220522                                                                0
9               000007000000000071280000000000000000                                                                           1
0000023052264505                  ZANDD ENTERPRISES BV      JVBABE22   00712627128 00000                                       2
12070BE95645100416758                  EUR0000000011901980220522ZANDD ENTERPRISES BV      Zichtrekening professioneel        070
21000100002022-00144           1000000000106730230522004020000670364XXXXXXX2003 23/05/2022 11:30                   23052207001 0
2200010000                                                                                                                   1 0
2300010000                                     Verhuisboxen.nl                                                               0 1
31000100012022-00144           004020001001Verhuisboxen.nl                                                                   1 0
3200010001Hardinxvel                                                                                                         0 0
8070BE95645100416758                  EUR0000000011795250230522                                                                0
9               000007000000000106730000000000000000                                                                           1
0000024052264505                  ZANDD ENTERPRISES BV      JVBABE22   00712627128 00000                                       2
12071BE95645100416758                  EUR0000000011795250230522ZANDD ENTERPRISES BV      Zichtrekening professioneel        071
21000100002022-00145           1000000000090440240522001010001101005341245079                                      24052207101 0
2200010000                                                                                        GEBABEBB                   1 0
2300010000BE50001815676918                     Eneco Belgium nv                                                              0 1
31000100012022-00145           001010001001Eneco Belgium nv                                                                  1 0
3200010001Battelsesteenweg 455i              2800 Mechelen                                                                   0 0
21000200002022-00146           0000000000005880240522001500000AMZN MKTP NL                                         24052207101 0
2200020000                                                     4IKQQ9F                            KREDBEBB                   1 0
2300020000BE19739020856112                     PPRO PAYMENT SERVICES SA                                                      0 1
31000200012022-00146           001500001001PPRO PAYMENT SERVICES SA                                                          1 0
3200020001RUE DE BRAGANCE      48            1255    LUXEMBOURG                                                              0 0
8071BE95645100416758                  EUR0000000011710690240522                                                                0
9               000012000000000090440000000000005880                                                                           1
0000025052264505                  ZANDD ENTERPRISES BV      JVBABE22   00712627128 00000                                       2
12072BE95645100416758                  EUR0000000011710690240522ZANDD ENTERPRISES BV      Zichtrekening professioneel        072
21000100002022-00147           10000000000099002505220050100001020256832779 PAYPAL                                 25052207201 0
2200010000                                                     1020256832779 PAYPAL               DEUTDEFF                   1 0
2300010000DE88500700100175526303               PayPal (Europe) S.a r.l. et Cie, S.                                           0 1
31000100012022-00147           005010001001PayPal (Europe) S.a r.l. et Cie, S.C.A.                                           0 0
21000200002022-00148           1000000000012940250522004020000670364XXXXXXX2003 25/05/2022 08:05                   25052207201 0
2200020000                                                                                                                   1 0
2300020000                                     CRF MKT VLEURGA                                                               0 1
31000200012022-00148           004020001001CRF MKT VLEURGA                                                                   1 0
3200020001BRUXELLES                                                                                                          0 0
21000300002022-00149           0000000011841670250522001500000April 2022                                           25052207201 0
2200030000                                                     00003772/266 2022-05-25            BBRUBEBB           SUPP    1 0
2300030000BE22320006273647                     CRONOS INTERNATIONAL                                                          0 1
31000300012022-00149           001500001001CRONOS INTERNATIONAL                                                              1 0
3200030001RUE PAFEBRUCH 89                   CAPELLEN 8308                                                                   0 0
8072BE95645100416758                  EUR0000000023529520250522                                                                0
9               000016000000000022840000000011841670                                                                           2
