0000001102364505                  ZANDD ENTERPRISES BV      JVBABE22   00712627128 00000                                       2
12131BE95645100416758                  EUR0000000033616540290923ZANDD ENTERPRISES BV      Zichtrekening professioneel        131
21000100002023-00267           1000000000205390011023004020000670364XXXXXXX2003 01/10/2023 21:57 Communication: De 01102313101 0
2200010000Notenshop - Buckaroo                                                                                               1 0
2300010000                                     De Notenshop BV                                                               0 1
31000100012023-00267           004020001001De Notenshop BV                                                                   1 0
32000100013291 CR Strijen                                                                                                    0 0
21000200002023-00268           1000000002437440011023001010001101323898305485                                      01102313101 0
2200020000                                                                                        BBRUBEBB                   1 0
2300020000BE17310001380621                     Partena svz                                                                   0 1
31000200012023-00268           001010001001Partena svz                                                                       1 0
3200020001Kartuizerstraat 45                 1000 Brussel                                                                    0 0
8131BE95645100416758                  EUR0000000030973710011023                                                                0
9               000012000000002642830000000000000000                                                                           1
0000002102364505                  ZANDD ENTERPRISES BV      JVBABE22   00712627128 00000                                       2
12132BE95645100416758                  EUR0000000030973710011023ZANDD ENTERPRISES BV      Zichtrekening professioneel        132
21000100002023-00269           1000000000114350021023001010000F2023/8185                                           02102313201 0
2200010000                                                                                        RABONL2U                   1 0
2300010000NL59RABO0166907960                   The Waterpurifier                                                             0 1
31000100012023-00269           001010001001The Waterpurifier                                                                 1 0
3200010001Genebroekstraat 82                 B--3581 Beverlo                                                                 0 0
21000200002023-00270           1000000000113310021023004020000670364XXXXXXX2003 01/10/2023 23:07 Communication: +++02102313201 0
2200020000230/9540/53624+++                                                                                                  1 0
2300020000                                     Doccle -Helan Onafh ZF                                                        0 1
31000200012023-00270           004020001001Doccle -Helan Onafh ZF                                                            1 0
32000200012610 Wilrijk                                                                                                       0 0
8132BE95645100416758                  EUR0000000030746050021023                                                                0
9               000012000000000227660000000000000000                                                                           1
0000003102364505                  ZANDD ENTERPRISES BV      JVBABE22   00712627128 00000                                       2
12133BE95645100416758                  EUR0000000030746050021023ZANDD ENTERPRISES BV      Zichtrekening professioneel        133
21000100002023-00271           1000000001400000031023001010000Voorschot Autersrechten  08-2023                     03102313301 0
2200010000                                                                                        JVBABE22                   1 0
2300010000BE17645105243621                     Z.-D. Takacs-Kha                                                              0 1
31000100012023-00271           001010001001Z.-D. Takacs-Kha                                                                  1 0
3200010001LOUIZALAAN 341 341/5D              1050 Brussel (Elsene)                                                           0 0
21000200002023-00272           1000000003554910031023001010000Loon 08 - 2023                                       03102313301 0
2200020000                                                                                        JVBABE22                   1 0
2300020000BE17645105243621                     Z.-D. Takacs-Kha                                                              0 1
31000200012023-00272           001010001001Z.-D. Takacs-Kha                                                                  0 0
21000300002023-00273           1000000000350410031023001010001101035370825482                                      03102313301 0
2200030000                                                                                        GEBABEBB                   1 0
2300030000BE22210005809847                     Sodexo Pass Belgium sa/nv                                                     0 1
31000300012023-00273           001010001001Sodexo Pass Belgium sa/nv                                                         1 0
3200030001Pleinlaan 15                       1050 Brussel                                                                    0 0
21000400002023-00274           1000000000220050031023001010000Loon 08 - 2023                                       03102313301 0
2200040000                                                                                        KREDBEBB                   1 0
2300040000BE79734071733933                     Zsuzsanna takacs                                                              0 1
31000400012023-00274           001010001001Zsuzsanna takacs                                                                  1 0
3200040001Brusselsesteenweg 614              3090                                                                            0 0
21000500002023-00275           1000000003033330031023001010001101201511660495                                      03102313301 0
2200050000                                                                                        PCHQBEBB                   1 0
2300050000BE42679200000054                     KMO Brussel I                                                                 0 1
31000500012023-00275           001010001001KMO Brussel I                                                                     1 0
3200050001Kruidtuinlaan 50, Bus 3402         1000, Brussel                                                                   0 0
8133BE95645100416758                  EUR0000000022187350031023                                                                0
9               000026000000008558700000000000000000                                                                           1
0000004102364505                  ZANDD ENTERPRISES BV      JVBABE22   00712627128 00000                                       2
12134BE95645100416758                  EUR0000000022187350031023ZANDD ENTERPRISES BV      Zichtrekening professioneel        134
21000100002023-00276           1000000000499980041023011010000Aank. 2,9996 UNIVERSAL INVEST HIG aan 166,6833 EUR   04102313401 0
2200010000Effectenrekening 329862 borderel 624650              655365                                                        0 0
8134BE95645100416758                  EUR0000000021687370041023                                                                0
9               000004000000000499980000000000000000                                                                           1
0000005102364505                  ZANDD ENTERPRISES BV      JVBABE22   00712627128 00000                                       2
12135BE95645100416758                  EUR0000000021687370041023ZANDD ENTERPRISES BV      Zichtrekening professioneel        135
21000100002023-00277           1000000001466520051023001010000EXP.31072023.007.DSAK                                05102313501 0
2200010000                                                                                        JVBABE22                   1 0
2300010000BE17645105243621                     Z.-D. Takacs-Kha                                                              0 1
31000100012023-00277           001010001001Z.-D. Takacs-Kha                                                                  1 0
3200010001Brusselsesteenweg 614              3090 Overijse                                                                   0 0
21000200002023-00278           1000000000848220051023001010000EXP.30092023.009.DSAK                                05102313501 0
2200020000                                                                                        JVBABE22                   1 0
2300020000BE17645105243621                     Z.-D. Takacs-Kha                                                              0 1
31000200012023-00278           001010001001Z.-D. Takacs-Kha                                                                  1 0
3200020001Brusselsesteenweg 614              3090 Overijse                                                                   0 0
21000300002023-00279           1000000002799430051023001010000EXP.31082023.008.DSAK                                05102313501 0
2200030000                                                                                        JVBABE22                   1 0
2300030000BE17645105243621                     Z.-D. Takacs-Kha                                                              0 1
31000300012023-00279           001010001001Z.-D. Takacs-Kha                                                                  1 0
3200030001Brusselsesteenweg 614              3090 Overijse                                                                   0 0
21000400002023-00280           10000000018342100510230010100002023/001/4                                           05102313501 0
2200040000                                                                                        KREDBEBB                   1 0
2300040000BE71734046730969                     BuyIT Consulting SRL                                                          0 1
31000400012023-00280           001010001001BuyIT Consulting SRL                                                              0 0
8135BE95645100416758                  EUR0000000014738990051023                                                                0
9               000021000000006948380000000000000000                                                                           1
0000011102364505                  ZANDD ENTERPRISES BV      JVBABE22   00712627128 00000                                       2
12136BE95645100416758                  EUR0000000014738990051023ZANDD ENTERPRISES BV      Zichtrekening professioneel        136
21000100002023-00281           1000000000304830111023004020000670364XXXXXXX2003 11/10/2023 16:10                   11102313601 0
2200010000                                                                                                                   1 0
2300010000                                     KaffeKapslen                                                                  0 1
31000100012023-00281           004020001001KaffeKapslen                                                                      1 0
32000100018361 HASSELAGER                                                                                                    0 0
8136BE95645100416758                  EUR0000000014434160111023                                                                0
9               000007000000000304830000000000000000                                                                           1
0000018102364505                  ZANDD ENTERPRISES BV      JVBABE22   00712627128 00000                                       2
12137BE95645100416758                  EUR0000000014434160111023ZANDD ENTERPRISES BV      Zichtrekening professioneel        137
21000100002023-00282           10000000002637801810230050100003477-2023-887INV                                     18102313701 0
2200010000                                                     198891-485X74-TMSBEL               INGBNL2A                   1 0
2300010000NL92INGB0006087442                   IWG Belgium BV                                                                0 1
31000100012023-00282           005010001001IWG Belgium BV                                                                    1 0
3200010001Louizalaan 65 bus 11               1050 Brussel BE                                                                 0 0
8137BE95645100416758                  EUR0000000014170380181023                                                                0
9               000007000000000263780000000000000000                                                                           1
0000024102364505                  ZANDD ENTERPRISES BV      JVBABE22   00712627128 00000                                       2
12138BE95645100416758                  EUR0000000014170380181023ZANDD ENTERPRISES BV      Zichtrekening professioneel        138
21000100002023-00283           1000000000500000241023004020000670364XXXXXXX2003 23/10/2023 15:01                   24102313801 0
2200010000                                                                                                                   1 0
2300010000                                     Revolut**0681*                                                                0 1
31000100012023-00283           004020001001Revolut**0681*                                                                    1 0
3200010001D02 R296 Dublin                                                                                                    0 0
8138BE95645100416758                  EUR0000000013670380241023                                                                0
9               000007000000000500000000000000000000                                                                           1
0000026102364505                  ZANDD ENTERPRISES BV      JVBABE22   00712627128 00000                                       2
12139BE95645100416758                  EUR0000000013670380241023ZANDD ENTERPRISES BV      Zichtrekening professioneel        139
21000100002023-00284           0000000018534780261023001500000INV.NR.20230930.077.DSAK                             26102313901 0
2200010000                                                     00004881/305 2023-10-26            KREDBEBB           SUPP    1 0
2300010000BE83733052368815                     CRONOS EUROPA NV                                                              0 1
31000100012023-00284           001500001001CRONOS EUROPA NV                                                                  1 0
3200010001KUNSTLAAN            46   B5       1000    BRUSSEL                                                                 0 0
8139BE95645100416758                  EUR0000000032205160261023                                                                0
9               000007000000000000000000000018534780                                                                           1
0000027102364505                  ZANDD ENTERPRISES BV      JVBABE22   00712627128 00000                                       2
12140BE95645100416758                  EUR0000000032205160261023ZANDD ENTERPRISES BV      Zichtrekening professioneel        140
21000100002023-00285           1000000001019800271023005010000SI23/266534                                          27102314001 0
2200010000                                                     SDD-895466-10339039                GEBABEBB                   1 0
2300010000BE42001839300054                     VOLVO                                                                         0 1
31000100012023-00285           005010001001VOLVO                                                                             0 0
8140BE95645100416758                  EUR0000000031185360271023                                                                0
9               000006000000001019800000000000000000                                                                           1
0000028102364505                  ZANDD ENTERPRISES BV      JVBABE22   00712627128 00000                                       2
12141BE95645100416758                  EUR0000000031185360271023ZANDD ENTERPRISES BV      Zichtrekening professioneel        141
21000100002023-00286           1000000001400000281023001010000Voorschot Autersrechten  09-2023                     28102314101 0
2200010000                                                                                        JVBABE22                   1 0
2300010000BE17645105243621                     Z.-D. Takacs-Kha                                                              0 1
31000100012023-00286           001010001001Z.-D. Takacs-Kha                                                                  1 0
3200010001LOUIZALAAN 341 341/5D              1050 Brussel (Elsene)                                                           0 0
21000200002023-00287           1000000003554910281023001010000Loon 09 - 2023                                       28102314101 0
2200020000                                                                                        JVBABE22                   1 0
2300020000BE17645105243621                     Z.-D. Takacs-Kha                                                              0 1
31000200012023-00287           001010001001Z.-D. Takacs-Kha                                                                  0 0
21000300002023-00288           1000000000220050281023001010000Loon 09 - 2023                                       28102314101 0
2200030000                                                                                        KREDBEBB                   1 0
2300030000BE79734071733933                     Zsuzsanna takacs                                                              0 1
31000300012023-00288           001010001001Zsuzsanna takacs                                                                  1 0
3200030001Brusselsesteenweg 614              3090                                                                            0 0
21000400002023-00289           1000000000328220281023001010001101035411871135                                      28102314101 0
2200040000                                                                                        GEBABEBB                   1 0
2300040000BE22210005809847                     Sodexo Pass Belgium sa/nv                                                     0 1
31000400012023-00289           001010001001Sodexo Pass Belgium sa/nv                                                         1 0
3200040001Pleinlaan 15                       1050 Brussel                                                                    0 0
21000500002023-00290           1000000000317540281023001010001101035411870529                                      28102314101 0
2200050000                                                                                        GEBABEBB                   1 0
2300050000BE22210005809847                     Sodexo Pass Belgium sa/nv                                                     0 1
31000500012023-00290           001010001001Sodexo Pass Belgium sa/nv                                                         1 0
3200050001Pleinlaan 15                       1050 Brussel                                                                    0 0
21000600002023-00291           1000000007700000281023001010001101712627173387                                      28102314101 0
2200060000                                                                                        PCHQBEBB                   1 0
2300060000BE85679200363806                     Team Inning Bedrijfsvoorheffing Mec                                           0 1
31000600012023-00291           001010001001Team Inning Bedrijfsvoorheffing Mechelen                                          0 0
21000700002023-00292           1000000005410220281023001010001101071262712841                                      28102314101 0
2200070000                                                                                        PCHQBEBB                   1 0
2300070000BE22679200300047                     Btw ontvangsten Brussel                                                       0 1
31000700012023-00292           001010001001Btw ontvangsten Brussel                                                           1 0
3200070001kruidtuinlaan 50 bus3402           1000, brussel                                                                   0 0
21000800002023-00293           1000000002666940281023001010001101005341245079                                      28102314101 0
2200080000                                                                                        GEBABEBB                   1 0
2300080000BE50001815676918                     Eneco Belgium nv                                                              0 1
31000800012023-00293           001010001001Eneco Belgium nv                                                                  1 0
3200080001Battelsesteenweg 455i              2800 Mechelen                                                                   0 0
21000900002023-00294           1000000000439330281023002010001101005341245079                                      28102314101 0
2200090000                                                                                        GEBABEBB                   1 0
2300090000BE50001815676918                     Eneco Belgium nv                                                              0 1
31000900012023-00294           002010001001Eneco Belgium nv                                                                  1 0
3200090001Battelsesteenweg 455i              2800 Mechelen                                                                   0 0
21001000002023-00295           1000000000328600281023001010001101005341245079                                      28102314101 0
2200100000                                                                                        GEBABEBB                   1 0
2300100000BE50001815676918                     Eneco Belgium nv                                                              0 1
31001000012023-00295           001010001001Eneco Belgium nv                                                                  1 0
3200100001Battelsesteenweg 455i              2800 Mechelen                                                                   0 0
21001100002023-00296           1000000002370530281023001010001101323917226852                                      28102314101 0
2200110000                                                                                        BBRUBEBB                   1 0
2300110000BE17310001380621                     Partena svz                                                                   0 1
31001100012023-00296           001010001001Partena svz                                                                       1 0
3200110001Kartuizerstraat 45                 1000 Brussel                                                                    0 0
21001200002023-00297           1000000000133410281023001010000F2023/9642                                           28102314101 0
2200120000                                                                                        RABONL2U                   1 0
2300120000NL59RABO0166907960                   The Waterpurifier                                                             0 1
31001200012023-00297           001010001001The Waterpurifier                                                                 1 0
3200120001Genebroekstraat 82                 B--3581 Beverlo                                                                 0 0
8141BE95645100416758                  EUR0000000006315610281023                                                                0
9               000060000000024869750000000000000000                                                                           1
0000029102364505                  ZANDD ENTERPRISES BV      JVBABE22   00712627128 00000                                       2
12142BE95645100416758                  EUR0000000006315610281023ZANDD ENTERPRISES BV      Zichtrekening professioneel        142
21000100002023-00298           1000000000814040291023001010000Declaratie Oktober 2023                              29102314201 0
2200010000                                                                                        JVBABE22                   1 0
2300010000BE17645105243621                     Z.-D. Takacs-Kha                                                              0 1
31000100012023-00298           001010001001Z.-D. Takacs-Kha                                                                  1 0
3200010001Brusselsesteenweg 614              3090 Overijse                                                                   0 0
21000200002023-00299           0000000000500000291023001500000terugstorten 500 opgenomen op 24102023               29102314201 0
2200020000                                                                                        JVBABE22                   1 0
2300020000BE17645105243621                     Takacs-Kha Z.-D.                                                              0 1
31000200012023-00299           001500001001Takacs-Kha Z.-D.                                                                  1 0
3200020001Brusselsesteenweg 614              3090 Overijse                                                                   0 0
8142BE95645100416758                  EUR0000000006001570291023                                                                0
9               000012000000000814040000000000500000                                                                           1
0000030102364505                  ZANDD ENTERPRISES BV      JVBABE22   00712627128 00000                                       2
12143BE95645100416758                  EUR0000000006001570291023ZANDD ENTERPRISES BV      Zichtrekening professioneel        143
21000100002023-00300           1000000001800000301023001030000HUUR BRUSSELSESTWG 614 OVERIJSE   OLISLAEGERS VASTGOE30102314301 0
2200010000D NV                                                                                    KREDBEBB                   1 0
2300010000BE35737056463137                     OLISLAEGERS VASTGOED NV                                                       0 1
31000100012023-00300           001030001001OLISLAEGERS VASTGOED NV                                                           0 0
8143BE95645100416758                  EUR0000000004201570301023                                                                0
9               000006000000001800000000000000000000                                                                           1
0000003112364505                  ZANDD ENTERPRISES BV      JVBABE22   00712627128 00000                                       2
12144BE95645100416758                  EUR0000000004201570301023ZANDD ENTERPRISES BV      Zichtrekening professioneel        144
21000100002023-00301           1000000000150000031123004020000670364XXXXXXX2003 03/11/2023 09:53                   03112314401 0
2200010000                                                                                                                   1 0
2300010000                                     Revolut**0681*                                                                0 1
31000100012023-00301           004020001001Revolut**0681*                                                                    1 0
3200010001D02 R296 Dublin                                                                                                    0 0
8144BE95645100416758                  EUR0000000004051570031123                                                                0
9               000007000000000150000000000000000000                                                                           1
0000006112364505                  ZANDD ENTERPRISES BV      JVBABE22   00712627128 00000                                       2
12145BE95645100416758                  EUR0000000004051570031123ZANDD ENTERPRISES BV      Zichtrekening professioneel        145
21000100002023-00302           1000000000499990061123011010000Aank. 3,0114 UNIVERSAL INVEST HIG aan 166,0337 EUR   06112314501 0
2200010000Effectenrekening 329862 borderel 688768              667950                                                        0 0
8145BE95645100416758                  EUR0000000003551580061123                                                                0
9               000004000000000499990000000000000000                                                                           1
0000012112364505                  ZANDD ENTERPRISES BV      JVBABE22   00712627128 00000                                       2
12146BE95645100416758                  EUR0000000003551580061123ZANDD ENTERPRISES BV      Zichtrekening professioneel        146
21000100002023-00303           1000000000095590121123004020000670364XXXXXXX2003 12/11/2023 14:45 Communication: Inc12112314601 0
2200010000antare BV                                                                                                          1 0
2300010000                                     TopBadkamer                                                                   0 1
31000100012023-00303           004020001001TopBadkamer                                                                       1 0
32000100014815 PH BREDA                                                                                                      0 0
8146BE95645100416758                  EUR0000000003455990121123                                                                0
9               000007000000000095590000000000000000                                                                           1
0000013112364505                  ZANDD ENTERPRISES BV      JVBABE22   00712627128 00000                                       2
12147BE95645100416758                  EUR0000000003455990121123ZANDD ENTERPRISES BV      Zichtrekening professioneel        147
21000100002023-00304           1000000000022400131123004020000670364XXXXXXX2003 13/11/2023 07:22                   13112314701 0
2200010000                                                                                                                   1 0
2300010000                                     FORME FS SOCIETE DES T                                                        0 1
31000100012023-00304           004020001001FORME FS SOCIETE DES T                                                            1 0
32000100011000 Bruxelles                                                                                                     0 0
21000200002023-00305           1000000000206000131123004020000670364XXXXXXX2003 13/11/2023 14:02 Communication: DNR13112314701 0
2200020000: NKWVDVQ                                                                                                          1 0
2300020000                                     NS                                                                            0 1
31000200012023-00305           004020001001NS                                                                                1 0
32000200011012 AB Amsterdam                                                                                                  0 0
8147BE95645100416758                  EUR0000000003227590131123                                                                0
9               000012000000000228400000000000000000                                                                           1
0000014112364505                  ZANDD ENTERPRISES BV      JVBABE22   00712627128 00000                                       2
12148BE95645100416758                  EUR0000000003227590131123ZANDD ENTERPRISES BV      Zichtrekening professioneel        148
21000100002023-00306           1000000000500000141123004020000670364XXXXXXX2003 14/11/2023 06:52                   14112314801 0
2200010000                                                                                                                   1 0
2300010000                                     Revolut**0681*                                                                0 1
31000100012023-00306           004020001001Revolut**0681*                                                                    1 0
3200010001D02 R296 Dublin                                                                                                    0 0
21000200002023-00307           1000000000020000141123004020000670364XXXXXXX2003 14/11/2023 19:11                   14112314801 0
2200020000                                                                                                                   1 0
2300020000                                     NATIONALE LOTERIJ                                                             0 1
31000200012023-00307           004020001001NATIONALE LOTERIJ                                                                 1 0
32000200011040 BRUSSEL                                                                                                       0 0
8148BE95645100416758                  EUR0000000002707590141123                                                                0
9               000012000000000520000000000000000000                                                                           1
0000015112364505                  ZANDD ENTERPRISES BV      JVBABE22   00712627128 00000                                       2
12149BE95645100416758                  EUR0000000002707590141123ZANDD ENTERPRISES BV      Zichtrekening professioneel        149
21000100002023-00308           1000000000064080151123005010000FAK234926294                                         15112314901 0
2200010000                                                     982261091505                       GKCCBEBB                   1 0
2300010000BE84091010925259                     DE WATERGROEP                                                                 0 1
31000100012023-00308           005010001001DE WATERGROEP                                                                     1 0
3200010001VOORUITGANGSTRAAT                   189                                                                            0 0
8149BE95645100416758                  EUR0000000002643510151123                                                                0
9               000007000000000064080000000000000000                                                                           1
0000016112364505                  ZANDD ENTERPRISES BV      JVBABE22   00712627128 00000                                       2
12150BE95645100416758                  EUR0000000002643510151123ZANDD ENTERPRISES BV      Zichtrekening professioneel        150
21000100002023-00309           10000000000990001611230050100001030637158432/PAYPAL                                 16112315001 0
2200010000                                                     1030637158432                      PPLXLUL2                   1 0
2300010000LU89751000135104200E                 PayPal Europe S.a.r.l. et Cie S.C.A                                           0 1
31000100012023-00309           005010001001PayPal Europe S.a.r.l. et Cie S.C.A                                               0 0
8150BE95645100416758                  EUR0000000002544510161123                                                                0
9               000006000000000099000000000000000000                                                                           1
0000019112364505                  ZANDD ENTERPRISES BV      JVBABE22   00712627128 00000                                       2
12151BE95645100416758                  EUR0000000002544510161123ZANDD ENTERPRISES BV      Zichtrekening professioneel        151
21000100002023-00310           1000000000150000191123004020000670364XXXXXXX2003 19/11/2023 11:28                   19112315101 0
2200010000                                                                                                                   1 0
2300010000                                     Revolut**0681*                                                                0 1
31000100012023-00310           004020001001Revolut**0681*                                                                    1 0
3200010001D02 R296 Dublin                                                                                                    0 0
8151BE95645100416758                  EUR0000000002394510191123                                                                0
9               000007000000000150000000000000000000                                                                           1
0000020112364505                  ZANDD ENTERPRISES BV      JVBABE22   00712627128 00000                                       2
12152BE95645100416758                  EUR0000000002394510191123ZANDD ENTERPRISES BV      Zichtrekening professioneel        152
21000100002023-00311           10000000003436602011230050100003477 2023 53STM,3477-2023-978INV                     20112315201 0
2200010000                                                     202666-497X74-TMSBEL               INGBNL2A                   1 0
2300010000NL92INGB0006087442                   IWG Belgium BV                                                                0 1
31000100012023-00311           005010001001IWG Belgium BV                                                                    1 0
3200010001Louizalaan 65 bus 11               1050 Brussel BE                                                                 0 0
8152BE95645100416758                  EUR0000000002050850201123                                                                0
9               000007000000000343660000000000000000                                                                           1
0000024112364505                  ZANDD ENTERPRISES BV      JVBABE22   00712627128 00000                                       2
12153BE95645100416758                  EUR0000000002050850201123ZANDD ENTERPRISES BV      Zichtrekening professioneel        153
21000100002023-00312           1000000000545060241123004020000670364XXXXXXX2003 24/11/2023 11:25                   24112315301 0
2200010000                                                                                                                   1 0
2300010000                                     WORLDPAY BV                                                                   0 1
31000100012023-00312           004020001001WORLDPAY BV                                                                       1 0
32000100011082 MD AMSTERDAM                                                                                                  0 0
21000200002023-00313           0000000019049640241123001500000INV.NR.20231031.078.DSAK                             24112315301 0
2200020000                                                     00004915/278 2023-11-24            KREDBEBB           SUPP    1 0
2300020000BE83733052368815                     CRONOS EUROPA NV                                                              0 1
31000200012023-00313           001500001001CRONOS EUROPA NV                                                                  1 0
3200020001KUNSTLAAN            46   B5       1000    BRUSSEL                                                                 0 0
8153BE95645100416758                  EUR0000000020555430241123                                                                0
9               000012000000000545060000000019049640                                                                           1
0000027112364505                  ZANDD ENTERPRISES BV      JVBABE22   00712627128 00000                                       2
12154BE95645100416758                  EUR0000000020555430241123ZANDD ENTERPRISES BV      Zichtrekening professioneel        154
21000100002023-00314           1000000001019800271123005010000SI23/296874                                          27112315401 0
2200010000                                                     SDD-902185-10605257                GEBABEBB                   1 0
2300010000BE42001839300054                     VOLVO                                                                         0 1
31000100012023-00314           005010001001VOLVO                                                                             0 0
8154BE95645100416758                  EUR0000000019535630271123                                                                0
9               000006000000001019800000000000000000                                                                           1
0000030112364505                  ZANDD ENTERPRISES BV      JVBABE22   00712627128 00000                                       2
12155BE95645100416758                  EUR0000000019535630271123ZANDD ENTERPRISES BV      Zichtrekening professioneel        155
21000100002023-00315           1000000001800000301123001030000HUUR BRUSSELSESTWG 614 OVERIJSE   OLISLAEGERS VASTGOE30112315501 0
2200010000D NV                                                                                    KREDBEBB                   1 0
2300010000BE35737056463137                     OLISLAEGERS VASTGOED NV                                                       0 1
31000100012023-00315           001030001001OLISLAEGERS VASTGOED NV                                                           0 0
8155BE95645100416758                  EUR0000000017735630301123                                                                0
9               000006000000001800000000000000000000                                                                           1
0000002122364505                  ZANDD ENTERPRISES BV      JVBABE22   00712627128 00000                                       2
12156BE95645100416758                  EUR0000000017735630301123ZANDD ENTERPRISES BV      Zichtrekening professioneel        156
21000100002023-00316           1000000001400000021223001010000Voorschot Autersrechten 10-2023                      02122315601 0
2200010000                                                                                        JVBABE22                   1 0
2300010000BE17645105243621                     Z.-D. Takacs-Kha                                                              0 1
31000100012023-00316           001010001001Z.-D. Takacs-Kha                                                                  1 0
3200010001LOUIZALAAN 341 341/5D              1050 Brussel (Elsene)                                                           0 0
21000200002023-00317           1000000003554910021223001010000Loon 10 - 2023                                       02122315601 0
2200020000                                                                                        JVBABE22                   1 0
2300020000BE17645105243621                     Z.-D. Takacs-Kha                                                              0 1
31000200012023-00317           001010001001Z.-D. Takacs-Kha                                                                  0 0
21000300002023-00318           1000000000200000021223001010000Kerst Premie                                         02122315601 0
2200030000                                                                                        JVBABE22                   1 0
2300030000BE17645105243621                     Z.-D. Takacs-Kha                                                              0 1
31000300012023-00318           001010001001Z.-D. Takacs-Kha                                                                  1 0
3200030001Brusselsesteenweg 614              3090 Overijse                                                                   0 0
21000400002023-00319           1000000000220050021223001010000Loon 10- 2023                                        02122315601 0
2200040000                                                                                        KREDBEBB                   1 0
2300040000BE79734071733933                     Zsuzsanna takacs                                                              0 1
31000400012023-00319           001010001001Zsuzsanna takacs                                                                  1 0
3200040001Brusselsesteenweg 614              3090                                                                            0 0
21000500002023-00320           1000000000200000021223001010000Kerst Premie 40 + 160                                02122315601 0
2200050000                                                                                        KREDBEBB                   1 0
2300050000BE79734071733933                     Zsuzsanna takacs                                                              0 1
31000500012023-00320           001010001001Zsuzsanna takacs                                                                  1 0
3200050001Brusselsesteenweg 614              3090                                                                            0 0
21000600002023-00321           1000000000142940021223001010000F2023/10145                                          02122315601 0
2200060000                                                                                        RABONL2U                   1 0
2300060000NL59RABO0166907960                   The Waterpurifier                                                             0 1
31000600012023-00321           001010001001The Waterpurifier                                                                 1 0
3200060001Genebroekstraat 82                 B--3581 Beverlo                                                                 0 0
21000700002023-00322           1000000000894770021223001010001101005341245079                                      02122315601 0
2200070000                                                                                        GEBABEBB                   1 0
2300070000BE50001815676918                     Eneco Belgium nv                                                              0 1
31000700012023-00322           001010001001Eneco Belgium nv                                                                  1 0
3200070001Battelsesteenweg 455i              2800 Mechelen                                                                   0 0
21000800002023-00323           1000000000344230021223001010001101035476255590                                      02122315601 0
2200080000                                                                                        GEBABEBB                   1 0
2300080000BE22210005809847                     Sodexo Pass Belgium sa/nv                                                     0 1
31000800012023-00323           001010001001Sodexo Pass Belgium sa/nv                                                         1 0
3200080001Pleinlaan 15                       1050 Brussel                                                                    0 0
8156BE95645100416758                  EUR0000000010778730021223                                                                0
9               000041000000006956900000000000000000                                                                           2
