0000001072364505                  ZANDD ENTERPRISES BV      JVBABE22   00712627128 00000                                       2
12090BE95645100416758                  EUR0000000021771640300623ZANDD ENTERPRISES BV      Zichtrekening professioneel        090
21000100002023-00202           1000000002299480010723001010001101323886267078                                      01072309001 0
2200010000                                                                                        BBRUBEBB                   1 0
2300010000BE17310001380621                     Partena svz                                                                   0 1
31000100012023-00202           001010001001Partena svz                                                                       1 0
3200010001Kartuizerstraat 45                 1000 Brussel                                                                    0 0
21000200002023-00203           1000000002889580010723001010000EXP.30062023.007.DSAK                                01072309001 0
2200020000                                                                                        JVBABE22                   1 0
2300020000BE17645105243621                     Z.-D. Takacs-Kha                                                              0 1
31000200012023-00203           001010001001Z.-D. Takacs-Kha                                                                  1 0
3200020001LOUIZALAAN 341 341/5D              1050 Brussel (Elsene)                                                           0 0
21000300002023-00204           1000000000330330010723001010000Factuurnummer: 221882                                01072309001 0
2200030000                                                                                        BBRUBEBB                   1 0
2300030000BE86335013434950                     Peumans Bvba                                                                  0 1
31000300012023-00204           001010001001Peumans Bvba                                                                      0 0
8090BE95645100416758                  EUR0000000016252250010723                                                                0
9               000016000000005519390000000000000000                                                                           1
0000003072364505                  ZANDD ENTERPRISES BV      JVBABE22   00712627128 00000                                       2
12091BE95645100416758                  EUR0000000016252250010723ZANDD ENTERPRISES BV      Zichtrekening professioneel        091
21000100002023-00205           0000000000002990030723001500000D01-4893875-2591002 S8B3Y0                           03072309101 0
2200010000                                                     NOTPROVIDED                        SXPYDKKK                   1 0
2300010000DK8789000000014387                   Stripe Technology Europe Ltd                                                  0 1
31000100012023-00205           001500001001Stripe Technology Europe Ltd                                                      1 0
320001000125-28 North Wall Quay, IE - Dublin                                                                                 0 0
8091BE95645100416758                  EUR0000000016255240030723                                                                0
9               000007000000000000000000000000002990                                                                           1
0000004072364505                  ZANDD ENTERPRISES BV      JVBABE22   00712627128 00000                                       2
12092BE95645100416758                  EUR0000000016255240030723ZANDD ENTERPRISES BV      Zichtrekening professioneel        092
21000100002023-00206           10000000000748000407230050100001027938643393 PAYPAL                                 04072309201 0
2200010000                                                     1027938643393                      PPLXLUL2                   1 0
2300010000LU89751000135104200E                 PayPal Europe S.a.r.l. et Cie S.C.A                                           0 1
31000100012023-00206           005010001001PayPal Europe S.a.r.l. et Cie S.C.A                                               0 0
8092BE95645100416758                  EUR0000000016180440040723                                                                0
9               000006000000000074800000000000000000                                                                           1
0000005072364505                  ZANDD ENTERPRISES BV      JVBABE22   00712627128 00000                                       2
12093BE95645100416758                  EUR0000000016180440040723ZANDD ENTERPRISES BV      Zichtrekening professioneel        093
21000100002023-00207           1000000000025000050723005010000D01-3700272-3803859                                  05072309301 0
2200010000                                                     STR16NAOBJOOQMNGV370CRANV5WXJTUOF0 CITIIE2X                   1 0
2300010000IE30CITI99005132956548               www.amazon.com.be                                                             0 1
31000100012023-00207           005010001001www.amazon.com.be                                                                 0 0
21000200002023-00208           1000000000499990050723011010000Aank. 2,9566 UNIVERSAL INVEST HI aan 169,10915 EUR   05072309301 0
2200020000Effectenrekening 329862 borderel 443732              618273                                                        0 0
8093BE95645100416758                  EUR0000000015655450050723                                                                0
9               000008000000000524990000000000000000                                                                           1
0000007072364505                  ZANDD ENTERPRISES BV      JVBABE22   00712627128 00000                                       2
12094BE95645100416758                  EUR0000000015655450050723ZANDD ENTERPRISES BV      Zichtrekening professioneel        094
21000100002023-00209           1000000000028090070723005010000NEXWAY SAS Kaspersky Benelux Nexway                  07072309401 0
2200010000                                                     CTPW6W3XGKN6NXPB2C                 ABNANL2A                   1 0
2300010000NL37ABNA0423430890                   ADYEN NV                                                                      0 1
31000100012023-00209           005010001001ADYEN NV                                                                          0 0
8094BE95645100416758                  EUR0000000015627360070723                                                                0
9               000006000000000028090000000000000000                                                                           1
0000009072364505                  ZANDD ENTERPRISES BV      JVBABE22   00712627128 00000                                       2
12095BE95645100416758                  EUR0000000015627360070723ZANDD ENTERPRISES BV      Zichtrekening professioneel        095
21000100002023-00210           1000000000216430090723004020000670364XXXXXXX2003 09/07/2023 12:35 Communication: 68M09072309501 0
2200010000KIBF AMAZONRETAIL                                                                                                  1 0
2300010000                                     Amazon EU SARL                                                                0 1
31000100012023-00210           004020001001Amazon EU SARL                                                                    1 0
32000100011855 Luxembourg                                                                                                    0 0
8095BE95645100416758                  EUR0000000015410930090723                                                                0
9               000007000000000216430000000000000000                                                                           1
0000011072364505                  ZANDD ENTERPRISES BV      JVBABE22   00712627128 00000                                       2
12096BE95645100416758                  EUR0000000015410930090723ZANDD ENTERPRISES BV      Zichtrekening professioneel        096
21000100002023-00211           1000000000370890110723004020000670364XXXXXXX2003 11/07/2023 10:36 Communication: Too11072309601 0
2200010000lnation.nl 1001316324 by Mu                                                                                        1 0
2300010000                                     Handelsonderneming Dir                                                        0 1
31000100012023-00211           004020001001Handelsonderneming Dir                                                            1 0
32000100016191EJ BEEK                                                                                                        0 0
8096BE95645100416758                  EUR0000000015040040110723                                                                0
9               000007000000000370890000000000000000                                                                           1
0000012072364505                  ZANDD ENTERPRISES BV      JVBABE22   00712627128 00000                                       2
12097BE95645100416758                  EUR0000000015040040110723ZANDD ENTERPRISES BV      Zichtrekening professioneel        097
21000100002023-00212           1000000000128740120723004020000670364XXXXXXX2003 12/07/2023 10:50 Communication: Too12072309701 0
2200010000lnation.nl 1001316703 by Mu                                                                                        1 0
2300010000                                     Handelsonderneming Dir                                                        0 1
31000100012023-00212           004020001001Handelsonderneming Dir                                                            1 0
32000100016191EJ BEEK                                                                                                        0 0
8097BE95645100416758                  EUR0000000014911300120723                                                                0
9               000007000000000128740000000000000000                                                                           1
0000014072364505                  ZANDD ENTERPRISES BV      JVBABE22   00712627128 00000                                       2
12098BE95645100416758                  EUR0000000014911300120723ZANDD ENTERPRISES BV      Zichtrekening professioneel        098
21000100002023-00213           1000000000022400140723004020000670364XXXXXXX2003 14/07/2023 07:29                   14072309801 0
2200010000                                                                                                                   1 0
2300010000                                     FORME FS SOCIETE DES T                                                        0 1
31000100012023-00213           004020001001FORME FS SOCIETE DES T                                                            1 0
32000100011000 Bruxelles                                                                                                     0 0
8098BE95645100416758                  EUR0000000014888900140723                                                                0
9               000007000000000022400000000000000000                                                                           1
0000016072364505                  ZANDD ENTERPRISES BV      JVBABE22   00712627128 00000                                       2
12099BE95645100416758                  EUR0000000014888900140723ZANDD ENTERPRISES BV      Zichtrekening professioneel        099
21000100002023-00214           1000000000012910160723001010000E0400NW0MM                                           16072309901 0
2200010000                                                                                        CITIGB2L                   1 0
2300010000GB31CITI18500812207591               MICROSOFT IRELAND OPERATIONS LIMITE                                           0 1
31000100012023-00214           001010001001MICROSOFT IRELAND OPERATIONS LIMITED                                              1 0
3200010001One Microsoft place                south county business park, leopard                                             0 0
21000200002023-00215           1000000000114350160723001010000F2023/6530                                           16072309901 0
2200020000                                                                                        RABONL2U                   1 0
2300020000NL59RABO0166907960                   The Waterpurifier                                                             0 1
31000200012023-00215           001010001001The Waterpurifier                                                                 1 0
3200020001Genebroekstraat 82                 B--3581 Beverlo                                                                 0 0
8099BE95645100416758                  EUR0000000014761640160723                                                                0
9               000012000000000127260000000000000000                                                                           1
0000017072364505                  ZANDD ENTERPRISES BV      JVBABE22   00712627128 00000                                       2
12100BE95645100416758                  EUR0000000014761640160723ZANDD ENTERPRISES BV      Zichtrekening professioneel        100
21000100002023-00216           1000000000300030170723004020000670364XXXXXXX2003 17/07/2023 13:32                   17072310001 0
2200010000                                                                                                                   1 0
2300010000                                     KaffeKapslen                                                                  0 1
31000100012023-00216           004020001001KaffeKapslen                                                                      1 0
32000100018361 HASSELAGER                                                                                                    0 0
21000200002023-00217           1000000004120140170723001010001101071262712841                                      17072310001 0
2200020000                                                                                        PCHQBEBB                   1 0
2300020000BE22679200300047                     Btw ontvangsten Brussel                                                       0 1
31000200012023-00217           001010001001Btw ontvangsten Brussel                                                           1 0
3200020001kruidtuinlaan 50 bus3402           1000, brussel                                                                   0 0
8100BE95645100416758                  EUR0000000010341470170723                                                                0
9               000012000000004420170000000000000000                                                                           1
0000018072364505                  ZANDD ENTERPRISES BV      JVBABE22   00712627128 00000                                       2
12101BE95645100416758                  EUR0000000010341470170723ZANDD ENTERPRISES BV      Zichtrekening professioneel        101
21000100002023-00218           10000000002637801807230050100003477-2023-608INV                                     18072310101 0
2200010000                                                     188303-477X74-TMSBEL               INGBNL2A                   1 0
2300010000NL92INGB0006087442                   IWG Belgium BV                                                                0 1
31000100012023-00218           005010001001IWG Belgium BV                                                                    1 0
3200010001Louizalaan 65 bus 11               1050 Brussel BE                                                                 0 0
21000200002023-00219           10000000000123901807230050100001028211844979 PAYPAL                                 18072310101 0
2200020000                                                     1028211844979 PAYPAL               DEUTDEFF                   1 0
2300020000DE88500700100175526303               PayPal (Europe) S.a r.l. et Cie, S.                                           0 1
31000200012023-00219           005010001001PayPal (Europe) S.a r.l. et Cie, S.C.A.                                           0 0
8101BE95645100416758                  EUR0000000010065300180723                                                                0
9               000011000000000276170000000000000000                                                                           1
0000025072364505                  ZANDD ENTERPRISES BV      JVBABE22   00712627128 00000                                       2
12102BE95645100416758                  EUR0000000010065300180723ZANDD ENTERPRISES BV      Zichtrekening professioneel        102
21000100002023-00220           10000000000429702507230050100001028356029423 PAYPAL                                 25072310201 0
2200010000                                                     1028356029423 PAYPAL               DEUTDEFF                   1 0
2300010000DE88500700100175526303               PayPal (Europe) S.a r.l. et Cie, S.                                           0 1
31000100012023-00220           005010001001PayPal (Europe) S.a r.l. et Cie, S.C.A.                                           0 0
21000200002023-00221           0000000019564490250723001500000INV.NR.20230630.074.DSAK                             25072310201 0
2200020000                                                     00004664/180 2023-07-25            BBRUBEBB           SUPP    1 0
2300020000BE22320006273647                     CRONOS INTERNATIONAL                                                          0 1
31000200012023-00221           001500001001CRONOS INTERNATIONAL                                                              1 0
3200020001RUE PAFEBRUCH 89                   CAPELLEN         8308                                                           0 0
8102BE95645100416758                  EUR0000000029586820250723                                                                0
9               000011000000000042970000000019564490                                                                           1
0000026072364505                  ZANDD ENTERPRISES BV      JVBABE22   00712627128 00000                                       2
12103BE95645100416758                  EUR0000000029586820250723ZANDD ENTERPRISES BV      Zichtrekening professioneel        103
21000100002023-00222           10000000000602602607230050100001028378920585 PAYPAL                                 26072310301 0
2200010000                                                     1028378920585                      PPLXLUL2                   1 0
2300010000LU89751000135104200E                 PayPal Europe S.a.r.l. et Cie S.C.A                                           0 1
31000100012023-00222           005010001001PayPal Europe S.a.r.l. et Cie S.C.A                                               0 0
8103BE95645100416758                  EUR0000000029526560260723                                                                0
9               000006000000000060260000000000000000                                                                           1
0000027072364505                  ZANDD ENTERPRISES BV      JVBABE22   00712627128 00000                                       2
12104BE95645100416758                  EUR0000000029526560260723ZANDD ENTERPRISES BV      Zichtrekening professioneel        104
21000100002023-00223           1000000001019800270723005010000SI23/175772                                          27072310401 0
2200010000                                                     SDD-874924-9540511                 GEBABEBB                   1 0
2300010000BE42001839300054                     VOLVO                                                                         0 1
31000100012023-00223           005010001001VOLVO                                                                             0 0
8104BE95645100416758                  EUR0000000028506760270723                                                                0
9               000006000000001019800000000000000000                                                                           1
0000028072364505                  ZANDD ENTERPRISES BV      JVBABE22   00712627128 00000                                       2
12105BE95645100416758                  EUR0000000028506760270723ZANDD ENTERPRISES BV      Zichtrekening professioneel        105
21000100002023-00224           1000000001400000280723001010000Voorschot Autersrechten  07-2023                     28072310501 0
2200010000                                                                                        JVBABE22                   1 0
2300010000BE17645105243621                     Z.-D. Takacs-Kha                                                              0 1
31000100012023-00224           001010001001Z.-D. Takacs-Kha                                                                  1 0
3200010001LOUIZALAAN 341 341/5D              1050 Brussel (Elsene)                                                           0 0
21000200002023-00225           1000000003554910280723001010000Loon 07 - 2023                                       28072310501 0
2200020000                                                                                        JVBABE22                   1 0
2300020000BE17645105243621                     Z.-D. Takacs-Kha                                                              0 1
31000200012023-00225           001010001001Z.-D. Takacs-Kha                                                                  0 0
21000300002023-00226           1000000000341770280723001010001101035255558665                                      28072310501 0
2200030000                                                                                        GEBABEBB                   1 0
2300030000BE22210005809847                     Sodexo Pass Belgium sa/nv                                                     0 1
31000300012023-00226           001010001001Sodexo Pass Belgium sa/nv                                                         1 0
3200030001Pleinlaan 15                       1050 Brussel                                                                    0 0
21000400002023-00227           1000000000220050280723001010000Loon 07 - 2023                                       28072310501 0
2200040000                                                                                        RABONL2U                   1 0
2300040000NL47RABO0332155048                   Zsuzsanna takacs                                                              0 1
31000400012023-00227           001010001001Zsuzsanna takacs                                                                  1 0
3200040001louizalaan 341, Appartment 5D      1050                                                                            0 0
8105BE95645100416758                  EUR0000000022990030280723                                                                0
9               000021000000005516730000000000000000                                                                           1
0000029072364505                  ZANDD ENTERPRISES BV      JVBABE22   00712627128 00000                                       2
12106BE95645100416758                  EUR0000000022990030280723ZANDD ENTERPRISES BV      Zichtrekening professioneel        106
21000100002023-00228           1000000000281990290723004020000670364XXXXXXX2003 29/07/2023 12:53 Communication: Uw 29072310601 0
2200010000bestelling bij 123inkt.be                                                                                          1 0
2300010000                                     123inkt BV                                                                    0 1
31000100012023-00228           004020001001123inkt BV                                                                        1 0
32000100019052 GENT                                                                                                          0 0
21000200002023-00229           1000000000022400290723004020000670364XXXXXXX2003 29/07/2023 14:38                   29072310601 0
2200020000                                                                                                                   1 0
2300020000                                     FORME FS SOCIETE DES T                                                        0 1
31000200012023-00229           004020001001FORME FS SOCIETE DES T                                                            1 0
32000200011000 Bruxelles                                                                                                     0 0
8106BE95645100416758                  EUR0000000022685640290723                                                                0
9               000012000000000304390000000000000000                                                                           1
0000031072364505                  ZANDD ENTERPRISES BV      JVBABE22   00712627128 00000                                       2
12107BE95645100416758                  EUR0000000022685640290723ZANDD ENTERPRISES BV      Zichtrekening professioneel        107
21000100002023-00230           1000000001800000310723001030000HUUR BRUSSELSESTWG 614 OVERIJSE   OLISLAEGERS VASTGOE31072310701 0
2200010000D NV                                                                                    KREDBEBB                   1 0
2300010000BE35737056463137                     OLISLAEGERS VASTGOED NV                                                       0 1
31000100012023-00230           001030001001OLISLAEGERS VASTGOED NV                                                           0 0
8107BE95645100416758                  EUR0000000020885640310723                                                                0
9               000006000000001800000000000000000000                                                                           1
0000003082364505                  ZANDD ENTERPRISES BV      JVBABE22   00712627128 00000                                       2
12108BE95645100416758                  EUR0000000020885640310723ZANDD ENTERPRISES BV      Zichtrekening professioneel        108
21000100002023-00231           1000000000499990030823011010000Aank. 2,9122 UNIVERSAL INVEST HI aan 171,68725 EUR   03082310801 0
2200010000Effectenrekening 329862 borderel 504293              630357                                                        0 0
8108BE95645100416758                  EUR0000000020385650030823                                                                0
9               000004000000000499990000000000000000                                                                           1
0000004082364505                  ZANDD ENTERPRISES BV      JVBABE22   00712627128 00000                                       2
12109BE95645100416758                  EUR0000000020385650030823ZANDD ENTERPRISES BV      Zichtrekening professioneel        109
21000100002023-00232           1000000000236690040823001010001101235185217771                                      04082310901 0
2200010000                                                                                        BBRUBEBB                   1 0
2300010000BE02375111099940                     Vlaamse Belastingdienst                                                       0 1
31000100012023-00232           001010001001Vlaamse Belastingdienst                                                           1 0
3200010001Vaartstraat16                      9300 Aalst                                                                      0 0
8109BE95645100416758                  EUR0000000020148960040823                                                                0
9               000007000000000236690000000000000000                                                                           2
