0000002062364505                  ZANDD ENTERPRISES BV      JVBABE22   00712627128 00000                                       2
12074BE95645100416758                  EUR0000000024589360310523ZANDD ENTERPRISES BV      Zichtrekening professioneel        074
21000100002023-00172           1000000000017000020623004020000670364XXXXXXX2003 02/06/2023 10:38 Communication: DeL02062307401 0
2200010000ijn/DIVB230611651                                                                                                  1 0
2300010000                                     VVM De Lijn                                                                   0 1
31000100012023-00172           004020001001VVM De Lijn                                                                       1 0
32000100012800 MECHELEN                                                                                                      0 0
8074BE95645100416758                  EUR0000000024572360020623                                                                0
9               000007000000000017000000000000000000                                                                           1
0000003062364505                  ZANDD ENTERPRISES BV      JVBABE22   00712627128 00000                                       2
12075BE95645100416758                  EUR0000000024572360020623ZANDD ENTERPRISES BV      Zichtrekening professioneel        075
21000100002023-00173           1000000000022400030623004020000670364XXXXXXX2003 03/06/2023 15:14                   03062307501 0
2200010000                                                                                                                   1 0
2300010000                                     FORME FS SOCIETE DES T                                                        0 1
31000100012023-00173           004020001001FORME FS SOCIETE DES T                                                            1 0
32000100011000 Bruxelles                                                                                                     0 0
8075BE95645100416758                  EUR0000000024549960030623                                                                0
9               000007000000000022400000000000000000                                                                           1
0000004062364505                  ZANDD ENTERPRISES BV      JVBABE22   00712627128 00000                                       2
12076BE95645100416758                  EUR0000000024549960030623ZANDD ENTERPRISES BV      Zichtrekening professioneel        076
21000100002023-00174           1000000000874190040623001010001101423953771032                                      04062307601 0
2200010000                                                                                        KREDBEBB                   1 0
2300010000BE56435410980188                     Liantis sociaal secretariaat vzw                                              0 1
31000100012023-00174           001010001001Liantis sociaal secretariaat vzw                                                  1 0
3200010001Willebroekkaai 37                  1000 Brussel                                                                    0 0
21000200002023-00175           1000000000330330040623001010000Factuurnummer: 221665                                04062307601 0
2200020000                                                                                        BBRUBEBB                   1 0
2300020000BE86335013434950                     Peumans Bvba                                                                  0 1
31000200012023-00175           001010001001Peumans Bvba                                                                      0 0
21000300002023-00176           1000000000008150040623001010000E0400NHHBD                                           04062307601 0
2200030000                                                                                        CITIGB2L                   1 0
2300030000GB31CITI18500812207591               MICROSOFT IRELAND OPERATIONS LIMITE                                           0 1
31000300012023-00176           001010001001MICROSOFT IRELAND OPERATIONS LIMITED                                              1 0
3200030001One Microsoft place                south county business park, leopard                                             0 0
21000400002023-00177           1000000001898520040623001010000EXP.31052023.005.DSAK                                04062307601 0
2200040000                                                                                        JVBABE22                   1 0
2300040000BE17645105243621                     Z.-D. Takacs-Kha                                                              0 1
31000400012023-00177           001010001001Z.-D. Takacs-Kha                                                                  1 0
3200040001LOUIZALAAN 341 341/5D              1050 Brussel (Elsene)                                                           0 0
21000500002023-00178           1000000001846490040623001010000EXP.30042023.004.DSAK                                04062307601 0
2200050000                                                                                        JVBABE22                   1 0
2300050000BE17645105243621                     Z.-D. Takacs-Kha                                                              0 1
31000500012023-00178           001010001001Z.-D. Takacs-Kha                                                                  1 0
3200050001LOUIZALAAN 341 341/5D              1050 Brussel (Elsene)                                                           0 0
8076BE95645100416758                  EUR0000000019592280040623                                                                0
9               000026000000004957680000000000000000                                                                           1
0000005062364505                  ZANDD ENTERPRISES BV      JVBABE22   00712627128 00000                                       2
12077BE95645100416758                  EUR0000000019592280040623ZANDD ENTERPRISES BV      Zichtrekening professioneel        077
21000100002023-00179           1000000000108590050623005010000FAK232130725                                         05062307701 0
2200010000                                                     982194799479                       GKCCBEBB                   1 0
2300010000BE84091010925259                     DE WATERGROEP                                                                 0 1
31000100012023-00179           005010001001DE WATERGROEP                                                                     1 0
3200010001VOORUITGANGSTRAAT                   189                                                                            0 0
21000200002023-00180           1000000000499990050623011010000Aank. 3,0221 UNIVERSAL INVEST HIGH aan 165,445 EUR   05062307701 0
2200020000Effectenrekening 329862 borderel 379436              606050                                                        0 0
8077BE95645100416758                  EUR0000000018983700050623                                                                0
9               000009000000000608580000000000000000                                                                           1
0000006062364505                  ZANDD ENTERPRISES BV      JVBABE22   00712627128 00000                                       2
12078BE95645100416758                  EUR0000000018983700050623ZANDD ENTERPRISES BV      Zichtrekening professioneel        078
21000100002023-00181           10000000000991700606230050100001027407197573 PAYPAL                                 06062307801 0
2200010000                                                     1027407197573 PAYPAL               DEUTDEFF                   1 0
2300010000DE88500700100175526303               PayPal (Europe) S.a r.l. et Cie, S.                                           0 1
31000100012023-00181           005010001001PayPal (Europe) S.a r.l. et Cie, S.C.A.                                           0 0
8078BE95645100416758                  EUR0000000018884530060623                                                                0
9               000006000000000099170000000000000000                                                                           1
0000009062364505                  ZANDD ENTERPRISES BV      JVBABE22   00712627128 00000                                       2
12079BE95645100416758                  EUR0000000018884530060623ZANDD ENTERPRISES BV      Zichtrekening professioneel        079
21000100002023-00182           1000000000015750260523011010000Aank. 0,0977 UNIVERSAL INVEST HIGH aan 161,23 EUR    09062307901 0
2200010000Effectenrekening 329862 borderel 397104                                                                            0 0
8079BE95645100416758                  EUR0000000018868780090623                                                                0
9               000004000000000015750000000000000000                                                                           1
0000011062364505                  ZANDD ENTERPRISES BV      JVBABE22   00712627128 00000                                       2
12080BE95645100416758                  EUR0000000018868780090623ZANDD ENTERPRISES BV      Zichtrekening professioneel        080
21000100002023-00183           10000000001143501106230010100002023/4766                                            11062308001 0
2200010000                                                                                        RABONL2U                   1 0
2300010000NL59RABO0166907960                   The Waterpurifier                                                             0 1
31000100012023-00183           001010001001The Waterpurifier                                                                 1 0
3200010001Genebroekstraat 82                 B--3581 Beverlo                                                                 0 0
21000200002023-00184           1000000000229200110623001010001101230724039645                                      11062308001 0
2200020000                                                                                        KREDBEBB                   1 0
2300020000BE71448764648169                     HELAN                                                                         0 1
31000200012023-00184           001010001001HELAN                                                                             1 0
3200020001sluisweg 2 bus 1                   9000 Gent                                                                       0 0
21000300002023-00185           1000000000085920110623001010001101230672774640                                      11062308001 0
2200030000                                                                                        KREDBEBB                   1 0
2300030000BE71448764648169                     HELAN                                                                         0 1
31000300012023-00185           001010001001HELAN                                                                             1 0
3200030001sluisweg 2 bus 1                   9000 Gent                                                                       0 0
8080BE95645100416758                  EUR0000000018439310110623                                                                0
9               000017000000000429470000000000000000                                                                           1
0000012062364505                  ZANDD ENTERPRISES BV      JVBABE22   00712627128 00000                                       2
12081BE95645100416758                  EUR0000000018439310110623ZANDD ENTERPRISES BV      Zichtrekening professioneel        081
21000100002023-00186           1000000000078500120623005010000c't magazine nr 337574 Dhr. D. Khan                  12062308101 0
2200010000                                                     9001002305052190                   ABNANL2A                   1 0
2300010000NL64ABNA0832612197                   F L MEDIA BV                                                                  0 1
31000100012023-00186           005010001001F L MEDIA BV                                                                      0 0
8081BE95645100416758                  EUR0000000018360810120623                                                                0
9               000006000000000078500000000000000000                                                                           1
0000019062364505                  ZANDD ENTERPRISES BV      JVBABE22   00712627128 00000                                       2
12082BE95645100416758                  EUR0000000018360810120623ZANDD ENTERPRISES BV      Zichtrekening professioneel        082
21000100002023-00187           10000000002637801906230050100003477-2023-511INV                                     19062308201 0
2200010000                                                     185323-501X74-TMSBEL               INGBNL2A                   1 0
2300010000NL92INGB0006087442                   IWG Belgium BV                                                                0 1
31000100012023-00187           005010001001IWG Belgium BV                                                                    1 0
3200010001Louizalaan 65 bus 11               1050 Brussel BE                                                                 0 0
8082BE95645100416758                  EUR0000000018097030190623                                                                0
9               000007000000000263780000000000000000                                                                           1
0000022062364505                  ZANDD ENTERPRISES BV      JVBABE22   00712627128 00000                                       2
12083BE95645100416758                  EUR0000000018097030190623ZANDD ENTERPRISES BV      Zichtrekening professioneel        083
21000100002023-00188           10000000000381502206230050100001027721634392 PAYPAL                                 22062308301 0
2200010000                                                     1027721634392                      PPLXLUL2                   1 0
2300010000LU89751000135104200E                 PayPal Europe S.a.r.l. et Cie S.C.A                                           0 1
31000100012023-00188           005010001001PayPal Europe S.a.r.l. et Cie S.C.A                                               0 0
21000200002023-00189           10000000001022402206230050100001027721523133 PAYPAL                                 22062308301 0
2200020000                                                     1027721523133 PAYPAL               DEUTDEFF                   1 0
2300020000DE88500700100175526303               PayPal (Europe) S.a r.l. et Cie, S.                                           0 1
31000200012023-00189           005010001001PayPal (Europe) S.a r.l. et Cie, S.C.A.                                           0 0
21000300002023-00190           1000000000483220220623004020000670364XXXXXXX2003 21/06/2023 20:58 Communication: 5XA22062308301 0
2200030000XKH4 WWW.AMAZON.COM.BE                                                                                             1 0
2300030000                                     AMZN MKTP BE                                                                  0 1
31000300012023-00190           004020001001AMZN MKTP BE                                                                      1 0
32000300011855 Luxembourg                                                                                                    0 0
8083BE95645100416758                  EUR0000000017473420220623                                                                0
9               000015000000000623610000000000000000                                                                           1
0000023062364505                  ZANDD ENTERPRISES BV      JVBABE22   00712627128 00000                                       2
12084BE95645100416758                  EUR0000000017473420220623ZANDD ENTERPRISES BV      Zichtrekening professioneel        084
21000100002023-00191           0000000000004920230623001500000WWW.AMAZON.COM.BE                                    23062308401 0
2200010000                                                     5W9BJX0                            KREDBEBB                   1 0
2300010000BE19739020856112                     PPRO PAYMENT SERVICES SA                                                      0 1
31000100012023-00191           001500001001PPRO PAYMENT SERVICES SA                                                          1 0
3200010001RUE DE BRAGANCE      48            1255    LUXEMBOURG                                                              0 0
8084BE95645100416758                  EUR0000000017478340230623                                                                0
9               000007000000000000000000000000004920                                                                           1
0000026062364505                  ZANDD ENTERPRISES BV      JVBABE22   00712627128 00000                                       2
12085BE95645100416758                  EUR0000000017478340230623ZANDD ENTERPRISES BV      Zichtrekening professioneel        085
21000100002023-00192           0000000001827340260623001500000INV.NR.20230531.072.DSAK                             26062308501 0
2200010000                                                     00004589/230 2023-06-26            BBRUBEBB           SUPP    1 0
2300010000BE22320006273647                     CRONOS INTERNATIONAL                                                          0 1
31000100012023-00192           001500001001CRONOS INTERNATIONAL                                                              1 0
3200010001RUE PAFEBRUCH 89                   CAPELLEN         8308                                                           0 0
21000200002023-00193           0000000010811960260623001500000INV.NR.20230531.073.DSAK                             26062308501 0
2200020000                                                     00004589/231 2023-06-26            BBRUBEBB           SUPP    1 0
2300020000BE22320006273647                     CRONOS INTERNATIONAL                                                          0 1
31000200012023-00193           001500001001CRONOS INTERNATIONAL                                                              1 0
3200020001RUE PAFEBRUCH 89                   CAPELLEN         8308                                                           0 0
8085BE95645100416758                  EUR0000000030117640260623                                                                0
9               000012000000000000000000000012639300                                                                           1
0000027062364505                  ZANDD ENTERPRISES BV      JVBABE22   00712627128 00000                                       2
12086BE95645100416758                  EUR0000000030117640260623ZANDD ENTERPRISES BV      Zichtrekening professioneel        086
21000100002023-00194           1000000001019800270623005010000SI23/146191                                          27062308601 0
2200010000                                                     SDD-868707-9284597                 GEBABEBB                   1 0
2300010000BE42001839300054                     VOLVO                                                                         0 1
31000100012023-00194           005010001001VOLVO                                                                             0 0
8086BE95645100416758                  EUR0000000029097840270623                                                                0
9               000006000000001019800000000000000000                                                                           1
0000028062364505                  ZANDD ENTERPRISES BV      JVBABE22   00712627128 00000                                       2
12087BE95645100416758                  EUR0000000029097840270623ZANDD ENTERPRISES BV      Zichtrekening professioneel        087
21000100002023-00195           1000000001400000280623001010000Voorschot Autersrechten  06-2023                     28062308701 0
2200010000                                                                                        JVBABE22                   1 0
2300010000BE17645105243621                     Z.-D. Takacs-Kha                                                              0 1
31000100012023-00195           001010001001Z.-D. Takacs-Kha                                                                  1 0
3200010001LOUIZALAAN 341 341/5D              1050 Brussel (Elsene)                                                           0 0
21000200002023-00196           1000000003554910280623001010000Loon 06 - 2023                                       28062308701 0
2200020000                                                                                        JVBABE22                   1 0
2300020000BE17645105243621                     Z.-D. Takacs-Kha                                                              0 1
31000200012023-00196           001010001001Z.-D. Takacs-Kha                                                                  0 0
21000300002023-00197           1000000000350410280623001010001101035201368203                                      28062308701 0
2200030000                                                                                        GEBABEBB                   1 0
2300030000BE22210005809847                     Sodexo Pass Belgium sa/nv                                                     0 1
31000300012023-00197           001010001001Sodexo Pass Belgium sa/nv                                                         1 0
3200030001Pleinlaan 15                       1050 Brussel                                                                    0 0
21000400002023-00198           1000000000220050280623001010000Loon 06 - 2023                                       28062308701 0
2200040000                                                                                        RABONL2U                   1 0
2300040000NL47RABO0332155048                   Zsuzsanna takacs                                                              0 1
31000400012023-00198           001010001001Zsuzsanna takacs                                                                  1 0
3200040001louizalaan 341, Appartment 5D      1050                                                                            0 0
8087BE95645100416758                  EUR0000000023572470280623                                                                0
9               000021000000005525370000000000000000                                                                           1
0000029062364505                  ZANDD ENTERPRISES BV      JVBABE22   00712627128 00000                                       2
12088BE95645100416758                  EUR0000000023572470280623ZANDD ENTERPRISES BV      Zichtrekening professioneel        088
21000100002023-00199           0000000000002160290623001500000YYW1027877202639 PAYPAL                              29062308801 0
2200010000                                                     YYW1027877202639                   PPLXLUL2                   1 0
2300010000LU89751000135104200E                 PayPal Europe S.a.r.l. et Cie S.C.A                                           0 1
31000100012023-00199           001500001001PayPal Europe S.a.r.l. et Cie S.C.A                                               1 0
320001000122-24 Boulevard Royal, 2449 Luxembo                                                                                0 0
8088BE95645100416758                  EUR0000000023574630290623                                                                0
9               000007000000000000000000000000002160                                                                           1
0000030062364505                  ZANDD ENTERPRISES BV      JVBABE22   00712627128 00000                                       2
12089BE95645100416758                  EUR0000000023574630290623ZANDD ENTERPRISES BV      Zichtrekening professioneel        089
21000100002023-00200           1000000001800000300623001030000HUUR BRUSSELSESTWG 614 OVERIJSE   OLISLAEGERS VASTGOE30062308901 0
2200010000D NV                                                                                    KREDBEBB                   1 0
2300010000BE35737056463137                     OLISLAEGERS VASTGOED NV                                                       0 1
31000100012023-00200           001030001001OLISLAEGERS VASTGOED NV                                                           0 0
21000200002023-00201           1000000000002990300623005010000D01-4893875-2591002                                  30062308901 0
2200020000                                                     STR16NAOA1C1E4HPB3JTARANXZJBZCMJHV CITIIE2X                   1 0
2300020000IE30CITI99005132956548               www.amazon.com.be                                                             0 1
31000200012023-00201           005010001001www.amazon.com.be                                                                 0 0
8089BE95645100416758                  EUR0000000021771640300623                                                                0
9               000010000000001802990000000000000000                                                                           1
0000001072364505                  ZANDD ENTERPRISES BV      JVBABE22   00712627128 00000                                       2
12090BE95645100416758                  EUR0000000021771640300623ZANDD ENTERPRISES BV      Zichtrekening professioneel        090
21000100002023-00202           1000000002299480010723001010001101323886267078                                      01072309001 0
2200010000                                                                                        BBRUBEBB                   1 0
2300010000BE17310001380621                     Partena svz                                                                   0 1
31000100012023-00202           001010001001Partena svz                                                                       1 0
3200010001Kartuizerstraat 45                 1000 Brussel                                                                    0 0
21000200002023-00203           1000000002889580010723001010000EXP.30062023.007.DSAK                                01072309001 0
2200020000                                                                                        JVBABE22                   1 0
2300020000BE17645105243621                     Z.-D. Takacs-Kha                                                              0 1
31000200012023-00203           001010001001Z.-D. Takacs-Kha                                                                  1 0
3200020001LOUIZALAAN 341 341/5D              1050 Brussel (Elsene)                                                           0 0
21000300002023-00204           1000000000330330010723001010000Factuurnummer: 221882                                01072309001 0
2200030000                                                                                        BBRUBEBB                   1 0
2300030000BE86335013434950                     Peumans Bvba                                                                  0 1
31000300012023-00204           001010001001Peumans Bvba                                                                      0 0
8090BE95645100416758                  EUR0000000016252250010723                                                                0
9               000016000000005519390000000000000000                                                                           1
0000003072364505                  ZANDD ENTERPRISES BV      JVBABE22   00712627128 00000                                       2
12091BE95645100416758                  EUR0000000016252250010723ZANDD ENTERPRISES BV      Zichtrekening professioneel        091
21000100002023-00205           0000000000002990030723001500000D01-4893875-2591002 S8B3Y0                           03072309101 0
2200010000                                                     NOTPROVIDED                        SXPYDKKK                   1 0
2300010000DK8789000000014387                   Stripe Technology Europe Ltd                                                  0 1
31000100012023-00205           001500001001Stripe Technology Europe Ltd                                                      1 0
320001000125-28 North Wall Quay, IE - Dublin                                                                                 0 0
8091BE95645100416758                  EUR0000000016255240030723                                                                0
9               000007000000000000000000000000002990                                                                           1
0000004072364505                  ZANDD ENTERPRISES BV      JVBABE22   00712627128 00000                                       2
12092BE95645100416758                  EUR0000000016255240030723ZANDD ENTERPRISES BV      Zichtrekening professioneel        092
21000100002023-00206           10000000000748000407230050100001027938643393 PAYPAL                                 04072309201 0
2200010000                                                     1027938643393                      PPLXLUL2                   1 0
2300010000LU89751000135104200E                 PayPal Europe S.a.r.l. et Cie S.C.A                                           0 1
31000100012023-00206           005010001001PayPal Europe S.a.r.l. et Cie S.C.A                                               0 0
8092BE95645100416758                  EUR0000000016180440040723                                                                0
9               000006000000000074800000000000000000                                                                           1
0000005072364505                  ZANDD ENTERPRISES BV      JVBABE22   00712627128 00000                                       2
12093BE95645100416758                  EUR0000000016180440040723ZANDD ENTERPRISES BV      Zichtrekening professioneel        093
21000100002023-00207           1000000000025000050723005010000D01-3700272-3803859                                  05072309301 0
2200010000                                                     STR16NAOBJOOQMNGV370CRANV5WXJTUOF0 CITIIE2X                   1 0
2300010000IE30CITI99005132956548               www.amazon.com.be                                                             0 1
31000100012023-00207           005010001001www.amazon.com.be                                                                 0 0
21000200002023-00208           1000000000499990050723011010000Aank. 2,9566 UNIVERSAL INVEST HI aan 169,10915 EUR   05072309301 0
2200020000Effectenrekening 329862 borderel 443732              618273                                                        0 0
8093BE95645100416758                  EUR0000000015655450050723                                                                0
9               000008000000000524990000000000000000                                                                           1
0000007072364505                  ZANDD ENTERPRISES BV      JVBABE22   00712627128 00000                                       2
12094BE95645100416758                  EUR0000000015655450050723ZANDD ENTERPRISES BV      Zichtrekening professioneel        094
21000100002023-00209           1000000000028090070723005010000NEXWAY SAS Kaspersky Benelux Nexway                  07072309401 0
2200010000                                                     CTPW6W3XGKN6NXPB2C                 ABNANL2A                   1 0
2300010000NL37ABNA0423430890                   ADYEN NV                                                                      0 1
31000100012023-00209           005010001001ADYEN NV                                                                          0 0
8094BE95645100416758                  EUR0000000015627360070723                                                                0
9               000006000000000028090000000000000000                                                                           1
0000009072364505                  ZANDD ENTERPRISES BV      JVBABE22   00712627128 00000                                       2
12095BE95645100416758                  EUR0000000015627360070723ZANDD ENTERPRISES BV      Zichtrekening professioneel        095
21000100002023-00210           1000000000216430090723004020000670364XXXXXXX2003 09/07/2023 12:35 Communication: 68M09072309501 0
2200010000KIBF AMAZONRETAIL                                                                                                  1 0
2300010000                                     Amazon EU SARL                                                                0 1
31000100012023-00210           004020001001Amazon EU SARL                                                                    1 0
32000100011855 Luxembourg                                                                                                    0 0
8095BE95645100416758                  EUR0000000015410930090723                                                                0
9               000007000000000216430000000000000000                                                                           1
0000011072364505                  ZANDD ENTERPRISES BV      JVBABE22   00712627128 00000                                       2
12096BE95645100416758                  EUR0000000015410930090723ZANDD ENTERPRISES BV      Zichtrekening professioneel        096
21000100002023-00211           1000000000370890110723004020000670364XXXXXXX2003 11/07/2023 10:36 Communication: Too11072309601 0
2200010000lnation.nl 1001316324 by Mu                                                                                        1 0
2300010000                                     Handelsonderneming Dir                                                        0 1
31000100012023-00211           004020001001Handelsonderneming Dir                                                            1 0
32000100016191EJ BEEK                                                                                                        0 0
8096BE95645100416758                  EUR0000000015040040110723                                                                0
9               000007000000000370890000000000000000                                                                           1
0000012072364505                  ZANDD ENTERPRISES BV      JVBABE22   00712627128 00000                                       2
12097BE95645100416758                  EUR0000000015040040110723ZANDD ENTERPRISES BV      Zichtrekening professioneel        097
21000100002023-00212           1000000000128740120723004020000670364XXXXXXX2003 12/07/2023 10:50 Communication: Too12072309701 0
2200010000lnation.nl 1001316703 by Mu                                                                                        1 0
2300010000                                     Handelsonderneming Dir                                                        0 1
31000100012023-00212           004020001001Handelsonderneming Dir                                                            1 0
32000100016191EJ BEEK                                                                                                        0 0
8097BE95645100416758                  EUR0000000014911300120723                                                                0
9               000007000000000128740000000000000000                                                                           1
0000014072364505                  ZANDD ENTERPRISES BV      JVBABE22   00712627128 00000                                       2
12098BE95645100416758                  EUR0000000014911300120723ZANDD ENTERPRISES BV      Zichtrekening professioneel        098
21000100002023-00213           1000000000022400140723004020000670364XXXXXXX2003 14/07/2023 07:29                   14072309801 0
2200010000                                                                                                                   1 0
2300010000                                     FORME FS SOCIETE DES T                                                        0 1
31000100012023-00213           004020001001FORME FS SOCIETE DES T                                                            1 0
32000100011000 Bruxelles                                                                                                     0 0
8098BE95645100416758                  EUR0000000014888900140723                                                                0
9               000007000000000022400000000000000000                                                                           2
