0000001042364505                  ZANDD ENTERPRISES BV      JVBABE22   00712627128 00000                                       2
12045BE95645100416758                  EUR0000000037306490310323ZANDD ENTERPRISES BV      Zichtrekening professioneel        045
21000100002023-00102           1000000000195600010423004020000670364XXXXXXX2003 01/04/2023 12:43 Communication: DNR01042304501 0
2200010000: MQFSPHB                                                                                                          1 0
2300010000                                     NS                                                                            0 1
31000100012023-00102           004020001001NS                                                                                1 0
32000100011012 AB Amsterdam                                                                                                  0 0
21000200002023-00103           1000000000019280010423004020000670364XXXXXXX2003 01/04/2023 10:47 Communication: 59O01042304501 0
2200020000LHXP WWW.AMAZON.COM.BE                                                                                             1 0
2300020000                                     AMZN MKTP BE                                                                  0 1
31000200012023-00103           004020001001AMZN MKTP BE                                                                      1 0
32000200011855 Luxembourg                                                                                                    0 0
8045BE95645100416758                  EUR0000000037091610010423                                                                0
9               000012000000000214880000000000000000                                                                           1
0000002042364505                  ZANDD ENTERPRISES BV      JVBABE22   00712627128 00000                                       2
12046BE95645100416758                  EUR0000000037091610010423ZANDD ENTERPRISES BV      Zichtrekening professioneel        046
21000100002023-00104           1000000002282910020423001010001101500632442396                                      02042304601 0
2200010000                                                                                        KREDBEBB                   1 0
2300010000BE31410000071155                     VOLVO CAR INSURANCE                                                           0 1
31000100012023-00104           001010001001VOLVO CAR INSURANCE                                                               0 0
21000200002023-00105           1000000000255600020423001010001101580330036074                                      02042304601 0
2200020000                                                                                        GKCCBEBB                   1 0
2300020000BE41091018845210                     Hulpverleningszone Oost VL-Br.                                                0 1
31000200012023-00105           001010001001Hulpverleningszone Oost VL-Br.                                                    1 0
3200020001Spoorwegstraat 6                   3020 HERENT                                                                     0 0
21000300002023-00106           1000000000874190020423001010001101419169760031                                      02042304601 0
2200030000                                                                                        KREDBEBB                   1 0
2300030000BE56435410980188                     Liantis sociaal secretariaat vzw                                              0 1
31000300012023-00106           001010001001Liantis sociaal secretariaat vzw                                                  1 0
3200030001Willebroekkaai 37                  1000 Brussel                                                                    0 0
21000400002023-00107           1000000000050000020423001010001101201411124039                                      02042304601 0
2200040000                                                                                        PCHQBEBB                   1 0
2300040000BE42679200000054                     KMO Brussel I                                                                 0 1
31000400012023-00107           001010001001KMO Brussel I                                                                     1 0
3200040001Kruidtuinlaan 50, Bus 3402         1000, Brussel                                                                   0 0
21000500002023-00108           1000000000229200020423001010001101230214910691                                      02042304601 0
2200050000                                                                                        KREDBEBB                   1 0
2300050000BE71448764648169                     HELAN                                                                         0 1
31000500012023-00108           001010001001HELAN                                                                             1 0
3200050001sluisweg 2 bus 1                   9000 Gent                                                                       0 0
21000600002023-00109           1000000000010000020423001010001101730258918153                                      02042304601 0
2200060000                                                                                        GEBABEBB                   1 0
2300060000BE82210000088968                     Proximus                                                                      0 1
31000600012023-00109           001010001001Proximus                                                                          1 0
3200060001Koning Albert II-laan 27           1030 Brussel                                                                    0 0
21000700002023-00110           1000000002299480020423001010001101323858887113                                      02042304601 0
2200070000                                                                                        BBRUBEBB                   1 0
2300070000BE17310001380621                     Partena svz                                                                   0 1
31000700012023-00110           001010001001Partena svz                                                                       1 0
3200070001Kartuizerstraat 45                 1000 Brussel                                                                    0 0
21000800002023-00111           10000000001143500204230010100002023/2089                                            02042304601 0
2200080000                                                                                        GEBABEBB                   1 0
2300080000BE49235021763071                     The Waterpurifier                                                             0 1
31000800012023-00111           001010001001The Waterpurifier                                                                 1 0
3200080001Genebroekstraat 82                 B--3581 Beverlo                                                                 0 0
21000900002023-00112           1000000000014960020423001010000E0400MA45A                                           02042304601 0
2200090000                                                                                        CITIGB2L                   1 0
2300090000GB31CITI18500812207591               MICROSOFT IRELAND OPERATIONS LIMITE                                           0 1
31000900012023-00112           001010001001MICROSOFT IRELAND OPERATIONS LIMITED                                              1 0
3200090001One Microsoft place                south county business park, leopard                                             0 0
8046BE95645100416758                  EUR0000000030960920020423                                                                0
9               000046000000006130690000000000000000                                                                           1
0000003042364505                  ZANDD ENTERPRISES BV      JVBABE22   00712627128 00000                                       2
12047BE95645100416758                  EUR0000000030960920020423ZANDD ENTERPRISES BV      Zichtrekening professioneel        047
21000100002023-00113           1000000001538320030423001010000EXP.31032023.003.DSAK                                03042304701 0
2200010000                                                                                        JVBABE22                   1 0
2300010000BE17645105243621                     Z.-D. Takacs-Kha                                                              0 1
31000100012023-00113           001010001001Z.-D. Takacs-Kha                                                                  1 0
3200010001LOUIZALAAN 341 341/5D              1050 Brussel (Elsene)                                                           0 0
21000200002023-00114           1000000000112440030423001010000EXP.28022023.002.DSAK                                03042304701 0
2200020000                                                                                        JVBABE22                   1 0
2300020000BE17645105243621                     Z.-D. Takacs-Kha                                                              0 1
31000200012023-00114           001010001001Z.-D. Takacs-Kha                                                                  1 0
3200020001LOUIZALAAN 341 341/5D              1050 Brussel (Elsene)                                                           0 0
21000300002023-00115           1000000000330330030423001010001101936020123188                                      03042304701 0
2200030000                                                                                        BBRUBEBB                   1 0
2300030000BE86335013434950                     Peumans Bvba                                                                  0 1
31000300012023-00115           001010001001Peumans Bvba                                                                      0 0
21000400002023-00116           1000000000330330030423001010001101229010323164                                      03042304701 0
2200040000                                                                                        BBRUBEBB                   1 0
2300040000BE86335013434950                     Peumans Bvba                                                                  0 1
31000400012023-00116           001010001001Peumans Bvba                                                                      0 0
21000500002023-00117           1000000000330330030423001010001101082010223117                                      03042304701 0
2200050000                                                                                        BBRUBEBB                   1 0
2300050000BE86335013434950                     Peumans Bvba                                                                  0 1
31000500012023-00117           001010001001Peumans Bvba                                                                      0 0
21000600002023-00118           1000000000330330030423001010001101397010423158                                      03042304701 0
2200060000                                                                                        BBRUBEBB                   1 0
2300060000BE86335013434950                     Peumans Bvba                                                                  0 1
31000600012023-00118           001010001001Peumans Bvba                                                                      0 0
8047BE95645100416758                  EUR0000000027988840030423                                                                0
9               000028000000002972080000000000000000                                                                           1
0000005042364505                  ZANDD ENTERPRISES BV      JVBABE22   00712627128 00000                                       2
12048BE95645100416758                  EUR0000000027988840030423ZANDD ENTERPRISES BV      Zichtrekening professioneel        048
21000100002023-00119           1000000000500000050423011010000Aank. 3,0671 UNIVERSAL INVEST HI aan 163,01915 EUR   05042304801 0
2200010000Effectenrekening 329862 borderel 214702              581209                                                        0 0
8048BE95645100416758                  EUR0000000027488840050423                                                                0
9               000004000000000500000000000000000000                                                                           1
0000006042364505                  ZANDD ENTERPRISES BV      JVBABE22   00712627128 00000                                       2
12049BE95645100416758                  EUR0000000027488840050423ZANDD ENTERPRISES BV      Zichtrekening professioneel        049
21000100002023-00120           1000000001634120060423001010000No INVOICE2023/001/2                                 06042304901 0
2200010000                                                                                        KREDBEBB                   1 0
2300010000BE71734046730969                     BuyIT Consulting SRL                                                          0 1
31000100012023-00120           001010001001BuyIT Consulting SRL                                                              0 0
21000200002023-00121           1000000000019880060423004020000670364XXXXXXX2003 06/04/2023 10:50 Communication: 6RQ06042304901 0
2200020000K17Z WWW.AMAZON.COM.BE                                                                                             1 0
2300020000                                     AMZN MKTP BE                                                                  0 1
31000200012023-00121           004020001001AMZN MKTP BE                                                                      1 0
32000200011855 Luxembourg                                                                                                    0 0
21000300002023-00122           1000000007500000060423001010000Voorafbetaling inkomsten dsak Q1 2023                06042304901 0
2200030000                                                                                        PCHQBEBB                   1 0
2300030000BE61679200229117                     Inningscentrum   Dienst voorafbetal                                           0 1
31000300012023-00122           001010001001Inningscentrum   Dienst voorafbetalingen                                          1 0
3200030001Koning Albert II-laan 33           1030 Brussel                                                                    0 0
8049BE95645100416758                  EUR0000000018334840060423                                                                0
9               000016000000009154000000000000000000                                                                           1
0000007042364505                  ZANDD ENTERPRISES BV      JVBABE22   00712627128 00000                                       2
12050BE95645100416758                  EUR0000000018334840060423ZANDD ENTERPRISES BV      Zichtrekening professioneel        050
21000100002023-00123           1000000000022400070423004020000670364XXXXXXX2003 07/04/2023 09:05                   07042305001 0
2200010000                                                                                                                   1 0
2300010000                                     FORME FS SOCIETE DES T                                                        0 1
31000100012023-00123           004020001001FORME FS SOCIETE DES T                                                            1 0
32000100011000 Bruxelles                                                                                                     0 0
21000200002023-00124           1000000000022400070423004020000670364XXXXXXX2003 07/04/2023 09:08                   07042305001 0
2200020000                                                                                                                   1 0
2300020000                                     FORME FS SOCIETE DES T                                                        0 1
31000200012023-00124           004020001001FORME FS SOCIETE DES T                                                            1 0
32000200011000 Bruxelles                                                                                                     0 0
21000300002023-00125           1000000000022400070423004020000670364XXXXXXX2003 07/04/2023 09:10                   07042305001 0
2200030000                                                                                                                   1 0
2300030000                                     FORME FS SOCIETE DES T                                                        0 1
31000300012023-00125           004020001001FORME FS SOCIETE DES T                                                            1 0
32000300011000 Bruxelles                                                                                                     0 0
8050BE95645100416758                  EUR0000000018267640070423                                                                0
9               000017000000000067200000000000000000                                                                           1
0000010042364505                  ZANDD ENTERPRISES BV      JVBABE22   00712627128 00000                                       2
12051BE95645100416758                  EUR0000000018267640070423ZANDD ENTERPRISES BV      Zichtrekening professioneel        051
21000100002023-00126           1000000000028360100423001010000E0400MOEWD                                           10042305101 0
2200010000                                                                                        CITIGB2L                   1 0
2300010000GB31CITI18500812207591               MICROSOFT IRELAND OPERATIONS LIMITE                                           0 1
31000100012023-00126           001010001001MICROSOFT IRELAND OPERATIONS LIMITED                                              1 0
3200010001One Microsoft place                south county business park, leopard                                             0 0
8051BE95645100416758                  EUR0000000018239280100423                                                                0
9               000007000000000028360000000000000000                                                                           1
0000011042364505                  ZANDD ENTERPRISES BV      JVBABE22   00712627128 00000                                       2
12052BE95645100416758                  EUR0000000018239280100423ZANDD ENTERPRISES BV      Zichtrekening professioneel        052
21000100002023-00127           0000000000003720110423001500000WWW.AMAZON.COM.BE                                    11042305201 0
2200010000                                                     68OD8V7                            KREDBEBB                   1 0
2300010000BE19739020856112                     PPRO PAYMENT SERVICES SA                                                      0 1
31000100012023-00127           001500001001PPRO PAYMENT SERVICES SA                                                          1 0
3200010001RUE DE BRAGANCE      48            1255    LUXEMBOURG                                                              0 0
8052BE95645100416758                  EUR0000000018243000110423                                                                0
9               000007000000000000000000000000003720                                                                           1
0000012042364505                  ZANDD ENTERPRISES BV      JVBABE22   00712627128 00000                                       2
12053BE95645100416758                  EUR0000000018243000110423ZANDD ENTERPRISES BV      Zichtrekening professioneel        053
21000100002023-00128           0000000000003350120423001500000WWW.AMAZON.COM.BE                                    12042305301 0
2200010000                                                     515RZQZ                            KREDBEBB                   1 0
2300010000BE19739020856112                     PPRO PAYMENT SERVICES SA                                                      0 1
31000100012023-00128           001500001001PPRO PAYMENT SERVICES SA                                                          1 0
3200010001RUE DE BRAGANCE      48            1255    LUXEMBOURG                                                              0 0
8053BE95645100416758                  EUR0000000018246350120423                                                                0
9               000007000000000000000000000000003350                                                                           1
0000017042364505                  ZANDD ENTERPRISES BV      JVBABE22   00712627128 00000                                       2
12054BE95645100416758                  EUR0000000018246350120423ZANDD ENTERPRISES BV      Zichtrekening professioneel        054
21000100002023-00129           10000000001188801704230050100001026408477246 PAYPAL                                 17042305401 0
2200010000                                                     1026408477246 PAYPAL               DEUTDEFF                   1 0
2300010000DE88500700100175526303               PayPal (Europe) S.a r.l. et Cie, S.                                           0 1
31000100012023-00129           005010001001PayPal (Europe) S.a r.l. et Cie, S.C.A.                                           0 0
21000200002023-00130           10000000001525501704230050100001026411617179 PAYPAL                                 17042305401 0
2200020000                                                     1026411617179 PAYPAL               DEUTDEFF                   1 0
2300020000DE88500700100175526303               PayPal (Europe) S.a r.l. et Cie, S.                                           0 1
31000200012023-00130           005010001001PayPal (Europe) S.a r.l. et Cie, S.C.A.                                           0 0
8054BE95645100416758                  EUR0000000017974920170423                                                                0
9               000010000000000271430000000000000000                                                                           1
0000018042364505                  ZANDD ENTERPRISES BV      JVBABE22   00712627128 00000                                       2
12055BE95645100416758                  EUR0000000017974920170423ZANDD ENTERPRISES BV      Zichtrekening professioneel        055
21000100002023-00131           10000000002637801804230050100003477-2023-277INV                                     18042305501 0
2200010000                                                     178838-485X74-TMSBEL               INGBNL2A                   1 0
2300010000NL92INGB0006087442                   IWG Belgium BV                                                                0 1
31000100012023-00131           005010001001IWG Belgium BV                                                                    1 0
3200010001Louizalaan 65 bus 11               1050 Brussel BE                                                                 0 0
21000200002023-00132           10000000002728801804230050100001026451636366 PAYPAL                                 18042305501 0
2200020000                                                     1026451636366 PAYPAL               DEUTDEFF                   1 0
2300020000DE88500700100175526303               PayPal (Europe) S.a r.l. et Cie, S.                                           0 1
31000200012023-00132           005010001001PayPal (Europe) S.a r.l. et Cie, S.C.A.                                           0 0
8055BE95645100416758                  EUR0000000017438260180423                                                                0
9               000011000000000536660000000000000000                                                                           1
0000021042364505                  ZANDD ENTERPRISES BV      JVBABE22   00712627128 00000                                       2
12056BE95645100416758                  EUR0000000017438260180423ZANDD ENTERPRISES BV      Zichtrekening professioneel        056
21000100002023-00133           1000000000211490210423004020000670364XXXXXXX2003 21/04/2023 11:38 Communication: Ele21042305601 0
2200010000ktor EIM                                                                                                           1 0
2300010000                                     ElektorCOM                                                                    0 1
31000100012023-00133           004020001001ElektorCOM                                                                        1 0
32000100016114 ZG SUSTEREN                                                                                                   0 0
8056BE95645100416758                  EUR0000000017226770210423                                                                0
9               000007000000000211490000000000000000                                                                           1
0000023042364505                  ZANDD ENTERPRISES BV      JVBABE22   00712627128 00000                                       2
12057BE95645100416758                  EUR0000000017226770210423ZANDD ENTERPRISES BV      Zichtrekening professioneel        057
21000100002023-00134           1000000000119000230423004020000670364XXXXXXX2003 23/04/2023 21:27 Communication: Hot23042305701 0
2200010000el at Booking.com                                                                                                  1 0
2300010000                                     Booking.com                                                                   0 1
31000100012023-00134           004020001001Booking.com                                                                       1 0
32000100011017 CE AMSTERDAM                                                                                                  0 0
21000200002023-00135           1000000000357210230423004020000670364XXXXXXX2003 23/04/2023 21:53 Communication: Hot23042305701 0
2200020000el at Booking.com                                                                                                  1 0
2300020000                                     Hotel on Booking.com                                                          0 1
31000200012023-00135           004020001001Hotel on Booking.com                                                              1 0
32000200011017 CE AMSTERDAM                                                                                                  0 0
8057BE95645100416758                  EUR0000000016750560230423                                                                0
9               000012000000000476210000000000000000                                                                           1
0000026042364505                  ZANDD ENTERPRISES BV      JVBABE22   00712627128 00000                                       2
12058BE95645100416758                  EUR0000000016750560230423ZANDD ENTERPRISES BV      Zichtrekening professioneel        058
21000100002023-00136           1000000000107950260423004020000670364XXXXXXX2003 26/04/2023 10:29 Communication: 5DI26042305801 0
2200010000BXAQ Order 27599                                                                                                   1 0
2300010000                                     Vloerverwarmingzelfleg                                                        0 1
31000100012023-00136           004020001001Vloerverwarmingzelfleg                                                            1 0
32000100016021PT Budel                                                                                                       0 0
8058BE95645100416758                  EUR0000000016642610260423                                                                0
9               000007000000000107950000000000000000                                                                           1
0000027042364505                  ZANDD ENTERPRISES BV      JVBABE22   00712627128 00000                                       2
12059BE95645100416758                  EUR0000000016642610260423ZANDD ENTERPRISES BV      Zichtrekening professioneel        059
21000100002023-00137           1000000001019800270423005010000SI23/090033                                          27042305901 0
2200010000                                                     SDD-857125-8795198                 GEBABEBB                   1 0
2300010000BE42001839300054                     VOLVO                                                                         0 1
31000100012023-00137           005010001001VOLVO                                                                             0 0
21000200002023-00138           1000000000022400270423004020000670364XXXXXXX2003 27/04/2023 07:09                   27042305901 0
2200020000                                                                                                                   1 0
2300020000                                     FORME FS SOCIETE DES T                                                        0 1
31000200012023-00138           004020001001FORME FS SOCIETE DES T                                                            1 0
32000200011000 Bruxelles                                                                                                     0 0
21000300002023-00139           1000000000022400270423004020000670364XXXXXXX2003 27/04/2023 07:12                   27042305901 0
2200030000                                                                                                                   1 0
2300030000                                     FORME FS SOCIETE DES T                                                        0 1
31000300012023-00139           004020001001FORME FS SOCIETE DES T                                                            1 0
32000300011000 Bruxelles                                                                                                     0 0
8059BE95645100416758                  EUR0000000015578010270423                                                                0
9               000016000000001064600000000000000000                                                                           1
0000028042364505                  ZANDD ENTERPRISES BV      JVBABE22   00712627128 00000                                       2
12060BE95645100416758                  EUR0000000015578010270423ZANDD ENTERPRISES BV      Zichtrekening professioneel        060
21000100002023-00140           1000000001800000280423001030000HUUR BRUSSELSESTWG 614 OVERIJSE   OLISLAEGERS VASTGOE28042306001 0
2200010000D NV                                                                                    KREDBEBB                   1 0
2300010000BE35737056463137                     OLISLAEGERS VASTGOED NV                                                       0 1
31000100012023-00140           001030001001OLISLAEGERS VASTGOED NV                                                           0 0
21000200002023-00141           1000000001400000280423001010000Voorschot Autersrechten  042023                      28042306001 0
2200020000                                                                                        JVBABE22                   1 0
2300020000BE17645105243621                     Z.-D. Takacs-Kha                                                              0 1
31000200012023-00141           001010001001Z.-D. Takacs-Kha                                                                  1 0
3200020001LOUIZALAAN 341 341/5D              1050 Brussel (Elsene)                                                           0 0
21000300002023-00142           1000000003554910280423001010000Loon 04-2023                                         28042306001 0
2200030000                                                                                        JVBABE22                   1 0
2300030000BE17645105243621                     Z.-D. Takacs-Kha                                                              0 1
31000300012023-00142           001010001001Z.-D. Takacs-Kha                                                                  0 0
21000400002023-00143           1000000000220050280423001010000Loon 04-2023                                         28042306001 0
2200040000                                                                                        RABONL2U                   1 0
2300040000NL47RABO0332155048                   Zsuzsanna takacs                                                              0 1
31000400012023-00143           001010001001Zsuzsanna takacs                                                                  1 0
3200040001louizalaan 341, Appartment 5D      1050                                                                            0 0
21000500002023-00144           1000000000541420280423001010001101035095433287                                      28042306001 0
2200050000                                                                                        GEBABEBB                   1 0
2300050000BE22210005809847                     Sodexo Pass Belgium sa/nv                                                     0 1
31000500012023-00144           001010001001Sodexo Pass Belgium sa/nv                                                         1 0
3200050001Pleinlaan 15                       1050 Brussel                                                                    0 0
21000600002023-00145           1000000000355100280423001010001101035095430560                                      28042306001 0
2200060000                                                                                        GEBABEBB                   1 0
2300060000BE22210005809847                     Sodexo Pass Belgium sa/nv                                                     0 1
31000600012023-00145           001010001001Sodexo Pass Belgium sa/nv                                                         1 0
3200060001Pleinlaan 15                       1050 Brussel                                                                    0 0
21000700002023-00146           1000000001568160280423001010000F2324-00132                                          28042306001 0
2200070000                                                                                        GEBABEBB                   1 0
2300070000BE72001820856516                     Full Services Solutions BVBA                                                  0 1
31000700012023-00146           001010001001Full Services Solutions BVBA                                                      0 0
21000800002023-00147           0000000021014430280423001500000INV.NR.20230331.069.DSAK                             28042306001 0
2200080000                                                     00004462/49 2023-04-28             BBRUBEBB           SUPP    1 0
2300080000BE22320006273647                     CRONOS INTERNATIONAL                                                          0 1
31000800012023-00147           001500001001CRONOS INTERNATIONAL                                                              1 0
3200080001RUE PAFEBRUCH 89                   CAPELLEN         8308                                                           0 0
21000900002023-00148           1000000000034000280423001010001101657257331475                                      28042306001 0
2200090000                                                                                        BBRUBEBB                   1 0
2300090000BE37363125177328                     V&M Services                                                                  0 1
31000900012023-00148           001010001001V&M Services                                                                      0 0
21001000002023-00149           1000000000319430280423001010001101035095660330                                      28042306001 0
2200100000                                                                                        GEBABEBB                   1 0
2300100000BE22210005809847                     Sodexo Pass Belgium sa/nv                                                     0 1
31001000012023-00149           001010001001Sodexo Pass Belgium sa/nv                                                         1 0
3200100001Pleinlaan 15                       1050 Brussel                                                                    0 0
8060BE95645100416758                  EUR0000000026799370280423                                                                0
9               000048000000009793070000000021014430                                                                           1
0000001052364505                  ZANDD ENTERPRISES BV      JVBABE22   00712627128 00000                                       2
12061BE95645100416758                  EUR0000000026799370280423ZANDD ENTERPRISES BV      Zichtrekening professioneel        061
21000100002023-00150           1000000000357240010523004020000670364XXXXXXX2003 01/05/2023 21:54 Communication: Hot01052306101 0
2200010000el at Booking.com                                                                                                  1 0
2300010000                                     Hotel on Booking.com                                                          0 1
31000100012023-00150           004020001001Hotel on Booking.com                                                              1 0
32000100011017 CE AMSTERDAM                                                                                                  0 0
8061BE95645100416758                  EUR0000000026442130010523                                                                0
9               000007000000000357240000000000000000                                                                           1
0000003052364505                  ZANDD ENTERPRISES BV      JVBABE22   00712627128 00000                                       2
12062BE95645100416758                  EUR0000000026442130010523ZANDD ENTERPRISES BV      Zichtrekening professioneel        062
21000100002023-00151           1000000000002990030523005010000Amazon EU S.a r.l. by Stripe via PPRO - D01-5810675-603052306201 0
2200010000162216                                               5JDV8XC                            DEUTDEFFVAC            OTHR1 0
2300010000DE14120700700090053464               Amazon EU S.a r.l. by Stripe via PP                                           0 1
31000100012023-00151           005010001001Amazon EU S.a r.l. by Stripe via PPRO                                             0 0
8062BE95645100416758                  EUR0000000026439140030523                                                                0
9               000006000000000002990000000000000000                                                                           1
0000004052364505                  ZANDD ENTERPRISES BV      JVBABE22   00712627128 00000                                       2
12063BE95645100416758                  EUR0000000026439140030523ZANDD ENTERPRISES BV      Zichtrekening professioneel        063
21000100002023-00152           1000000000499990040523011010000Aank. 3,0751 UNIVERSAL INVEST HI aan 162,59285 EUR   04052306301 0
2200010000Effectenrekening 329862 borderel 275506              594043                                                        0 0
8063BE95645100416758                  EUR0000000025939150040523                                                                0
9               000004000000000499990000000000000000                                                                           1
0000008052364505                  ZANDD ENTERPRISES BV      JVBABE22   00712627128 00000                                       2
12064BE95645100416758                  EUR0000000025939150040523ZANDD ENTERPRISES BV      Zichtrekening professioneel        064
21000100002023-00153           0000000001293920080523001500000580330036                                            08052306401 0
2200010000                                                     580330036                          KREDBEBB                   1 0
2300010000BE35737056463137                     OLISLAEGERS VASTGOED NV                                                       0 1
31000100012023-00153           001500001001OLISLAEGERS VASTGOED NV                                                           1 0
3200010001NEERPOORTENSTRAAT    116           3040    HULDENBERG                                                              0 0
21000200002023-00154           1000000003500000080523001010000Rc opname                                            08052306401 0
2200020000                                                                                        JVBABE22                   1 0
2300020000BE17645105243621                     Z.-D. Takacs-Kha                                                              0 1
31000200012023-00154           001010001001Z.-D. Takacs-Kha                                                                  1 0
3200020001LOUIZALAAN 341 341/5D              1050 Brussel (Elsene)                                                           0 0
8064BE95645100416758                  EUR0000000023733070080523                                                                0
9               000012000000003500000000000001293920                                                                           1
0000011052364505                  ZANDD ENTERPRISES BV      JVBABE22   00712627128 00000                                       2
12065BE95645100416758                  EUR0000000023733070080523ZANDD ENTERPRISES BV      Zichtrekening professioneel        065
21000100002023-00155           1000000000022400110523004020000670364XXXXXXX2003 11/05/2023 07:01                   11052306501 0
2200010000                                                                                                                   1 0
2300010000                                     FORME FS SOCIETE DES T                                                        0 1
31000100012023-00155           004020001001FORME FS SOCIETE DES T                                                            1 0
32000100011000 Bruxelles                                                                                                     0 0
8065BE95645100416758                  EUR0000000023710670110523                                                                0
9               000007000000000022400000000000000000                                                                           1
0000012052364505                  ZANDD ENTERPRISES BV      JVBABE22   00712627128 00000                                       2
12066BE95645100416758                  EUR0000000023710670110523ZANDD ENTERPRISES BV      Zichtrekening professioneel        066
21000100002023-00156           1000000005000000120523001010001101071262712841                                      12052306601 0
2200010000                                                                                        PCHQBEBB                   1 0
2300010000BE22679200300047                     Btw ontvangsten Brussel                                                       0 1
31000100012023-00156           001010001001Btw ontvangsten Brussel                                                           1 0
3200010001kruidtuinlaan 50 bus3402           1000, brussel                                                                   0 0
21000200002023-00157           1000000000022050120523004020000670364XXXXXXX2003 12/05/2023 14:03                   12052306601 0
2200020000                                                                                                                   1 0
2300020000                                     EINDHOVEN AIRPORT N.V.                                                        0 1
31000200012023-00157           004020001001EINDHOVEN AIRPORT N.V.                                                            1 0
32000200015657 EA Eindhoven                                                                                                  0 0
8066BE95645100416758                  EUR0000000018688620120523                                                                0
9               000012000000005022050000000000000000                                                                           1
0000018052364505                  ZANDD ENTERPRISES BV      JVBABE22   00712627128 00000                                       2
12067BE95645100416758                  EUR0000000018688620120523ZANDD ENTERPRISES BV      Zichtrekening professioneel        067
21000100002023-00158           10000000002637801805230050100003477-2023-398INV                                     18052306701 0
2200010000                                                     182280-471X74-TMSBEL               INGBNL2A                   1 0
2300010000NL92INGB0006087442                   IWG Belgium BV                                                                0 1
31000100012023-00158           005010001001IWG Belgium BV                                                                    1 0
3200010001Louizalaan 65 bus 11               1050 Brussel BE                                                                 0 0
8067BE95645100416758                  EUR0000000018424840180523                                                                0
9               000007000000000263780000000000000000                                                                           2
