0000003082364505                  ZANDD ENTERPRISES BV      JVBABE22   00712627128 00000                                       2
12108BE95645100416758                  EUR0000000020885640310723ZANDD ENTERPRISES BV      Zichtrekening professioneel        108
21000100002023-00231           1000000000499990030823011010000Aank. 2,9122 UNIVERSAL INVEST HI aan 171,68725 EUR   03082310801 0
2200010000Effectenrekening 329862 borderel 504293              630357                                                        0 0
8108BE95645100416758                  EUR0000000020385650030823                                                                0
9               000004000000000499990000000000000000                                                                           1
0000004082364505                  ZANDD ENTERPRISES BV      JVBABE22   00712627128 00000                                       2
12109BE95645100416758                  EUR0000000020385650030823ZANDD ENTERPRISES BV      Zichtrekening professioneel        109
21000100002023-00232           1000000000236690040823001010001101235185217771                                      04082310901 0
2200010000                                                                                        BBRUBEBB                   1 0
2300010000BE02375111099940                     Vlaamse Belastingdienst                                                       0 1
31000100012023-00232           001010001001Vlaamse Belastingdienst                                                           1 0
3200010001Vaartstraat16                      9300 Aalst                                                                      0 0
8109BE95645100416758                  EUR0000000020148960040823                                                                0
9               000007000000000236690000000000000000                                                                           1
0000009082364505                  ZANDD ENTERPRISES BV      JVBABE22   00712627128 00000                                       2
12110BE95645100416758                  EUR0000000020148960040823ZANDD ENTERPRISES BV      Zichtrekening professioneel        110
21000100002023-00233           0000000000007760090823001500000Terugbetaling CN230230722                            09082311001 0
2200010000                                                     993056584546                       GKCCBEBB                   1 0
2300010000BE84091010925259                     DE WATERGROEP                                                                 0 1
31000100012023-00233           001500001001DE WATERGROEP                                                                     1 0
3200010001VOORUITGANGSTRAAT 189              1030    BRUSSEL                                                                 0 0
21000200002023-00234           1000000000235950090823001010001101698761410276                                      09082311001 0
2200020000                                                                                        BBRUBEBB                   1 0
2300020000BE86335013434950                     Peumans Bvba                                                                  0 1
31000200012023-00234           001010001001Peumans Bvba                                                                      0 0
8110BE95645100416758                  EUR0000000019920770090823                                                                0
9               000011000000000235950000000000007760                                                                           1
0000018082364505                  ZANDD ENTERPRISES BV      JVBABE22   00712627128 00000                                       2
12111BE95645100416758                  EUR0000000019920770090823ZANDD ENTERPRISES BV      Zichtrekening professioneel        111
21000100002023-00235           10000000002637801808230050100003477-2023-708INV                                     18082311101 0
2200010000                                                     192260-513X74-TMSBEL               INGBNL2A                   1 0
2300010000NL92INGB0006087442                   IWG Belgium BV                                                                0 1
31000100012023-00235           005010001001IWG Belgium BV                                                                    1 0
3200010001Louizalaan 65 bus 11               1050 Brussel BE                                                                 0 0
21000200002023-00236           1000000000022400180823004020000670364XXXXXXX2003 18/08/2023 09:01                   18082311101 0
2200020000                                                                                                                   1 0
2300020000                                     FORME FS SOCIETE DES T                                                        0 1
31000200012023-00236           004020001001FORME FS SOCIETE DES T                                                            1 0
32000200011000 Bruxelles                                                                                                     0 0
8111BE95645100416758                  EUR0000000019634590180823                                                                0
9               000012000000000286180000000000000000                                                                           1
0000025082364505                  ZANDD ENTERPRISES BV      JVBABE22   00712627128 00000                                       2
12112BE95645100416758                  EUR0000000019634590180823ZANDD ENTERPRISES BV      Zichtrekening professioneel        112
21000100002023-00237           0000000016990220250823001500000INV.NR.20230731.075.DSAK                             25082311201 0
2200010000                                                     00004741/233 2023-08-25            BBRUBEBB           SUPP    1 0
2300010000BE22320006273647                     CRONOS INTERNATIONAL                                                          0 1
31000100012023-00237           001500001001CRONOS INTERNATIONAL                                                              1 0
3200010001RUE PAFEBRUCH 89                   CAPELLEN         8308                                                           0 0
8112BE95645100416758                  EUR0000000036624810250823                                                                0
9               000007000000000000000000000016990220                                                                           1
0000028082364505                  ZANDD ENTERPRISES BV      JVBABE22   00712627128 00000                                       2
12113BE95645100416758                  EUR0000000036624810250823ZANDD ENTERPRISES BV      Zichtrekening professioneel        113
21000100002023-00238           1000000001019800280823005010000SI23/206007                                          28082311301 0
2200010000                                                     SDD-882380-9805667                 GEBABEBB                   1 0
2300010000BE42001839300054                     VOLVO                                                                         0 1
31000100012023-00238           005010001001VOLVO                                                                             0 0
8113BE95645100416758                  EUR0000000035605010280823                                                                0
9               000006000000001019800000000000000000                                                                           1
0000030082364505                  ZANDD ENTERPRISES BV      JVBABE22   00712627128 00000                                       2
12114BE95645100416758                  EUR0000000035605010280823ZANDD ENTERPRISES BV      Zichtrekening professioneel        114
21000100002023-00239           1000000001800000300823001030000HUUR BRUSSELSESTWG 614 OVERIJSE   OLISLAEGERS VASTGOE30082311401 0
2200010000D NV                                                                                    KREDBEBB                   1 0
2300010000BE35737056463137                     OLISLAEGERS VASTGOED NV                                                       0 1
31000100012023-00239           001030001001OLISLAEGERS VASTGOED NV                                                           0 0
21000200002023-00240           1000000000449000300823004020000670364XXXXXXX2003 30/08/2023 11:27                   30082311401 0
2200020000                                                                                                                   1 0
2300020000                                     Coolblue                                                                      0 1
31000200012023-00240           004020001001Coolblue                                                                          1 0
32000200013012 CN ROTTERDAM                                                                                                  0 0
8114BE95645100416758                  EUR0000000033356010300823                                                                0
9               000011000000002249000000000000000000                                                                           1
0000031082364505                  ZANDD ENTERPRISES BV      JVBABE22   00712627128 00000                                       2
12115BE95645100416758                  EUR0000000033356010300823ZANDD ENTERPRISES BV      Zichtrekening professioneel        115
21000100002023-00241           1000000000103550310823004020000670364XXXXXXX2003 31/08/2023 12:02 Communication: Uw 31082311501 0
2200010000bestelling bij 123inkt.be                                                                                          1 0
2300010000                                     123inkt BV                                                                    0 1
31000100012023-00241           004020001001123inkt BV                                                                        1 0
32000100019052 GENT                                                                                                          0 0
8115BE95645100416758                  EUR0000000033252460310823                                                                0
9               000007000000000103550000000000000000                                                                           1
0000003092364505                  ZANDD ENTERPRISES BV      JVBABE22   00712627128 00000                                       2
12116BE95645100416758                  EUR0000000033252460310823ZANDD ENTERPRISES BV      Zichtrekening professioneel        116
21000100002023-00242           1000000001400000030923001010000Voorschot Autersrechten  08-2023                     03092311601 0
2200010000                                                                                        JVBABE22                   1 0
2300010000BE17645105243621                     Z.-D. Takacs-Kha                                                              0 1
31000100012023-00242           001010001001Z.-D. Takacs-Kha                                                                  1 0
3200010001LOUIZALAAN 341 341/5D              1050 Brussel (Elsene)                                                           0 0
21000200002023-00243           1000000003554910030923001010000Loon 08 - 2023                                       03092311601 0
2200020000                                                                                        JVBABE22                   1 0
2300020000BE17645105243621                     Z.-D. Takacs-Kha                                                              0 1
31000200012023-00243           001010001001Z.-D. Takacs-Kha                                                                  0 0
21000300002023-00244           1000000000363950030923001010001101035319992937                                      03092311601 0
2200030000                                                                                        GEBABEBB                   1 0
2300030000BE22210005809847                     Sodexo Pass Belgium sa/nv                                                     0 1
31000300012023-00244           001010001001Sodexo Pass Belgium sa/nv                                                         1 0
3200030001Pleinlaan 15                       1050 Brussel                                                                    0 0
21000400002023-00245           1000000000220050030923001010000Loon 08 - 2023                                       03092311601 0
2200040000                                                                                        KREDBEBB                   1 0
2300040000BE79734071733933                     Zsuzsanna takacs                                                              0 1
31000400012023-00245           001010001001Zsuzsanna takacs                                                                  1 0
3200040001Brusselsesteenweg 614              3090                                                                            0 0
8116BE95645100416758                  EUR0000000027713550030923                                                                0
9               000021000000005538910000000000000000                                                                           1
0000005092364505                  ZANDD ENTERPRISES BV      JVBABE22   00712627128 00000                                       2
12117BE95645100416758                  EUR0000000027713550030923ZANDD ENTERPRISES BV      Zichtrekening professioneel        117
21000100002023-00246           1000000000499990050923011010000Aank. 2,9332 UNIVERSAL INVEST HIG aan 170,4591 EUR   05092311701 0
2200010000Effectenrekening 329862 borderel 563927              642962                                                        0 0
8117BE95645100416758                  EUR0000000027213560050923                                                                0
9               000004000000000499990000000000000000                                                                           1
0000006092364505                  ZANDD ENTERPRISES BV      JVBABE22   00712627128 00000                                       2
12118BE95645100416758                  EUR0000000027213560050923ZANDD ENTERPRISES BV      Zichtrekening professioneel        118
21000100002023-00247           1000000000040000060923004020000670364XXXXXXX2003 06/09/2023 13:05                   06092311801 0
2200010000                                                                                                                   1 0
2300010000                                     NATIONALE LOTERIJ                                                             0 1
31000100012023-00247           004020001001NATIONALE LOTERIJ                                                                 1 0
32000100011040 BRUSSEL                                                                                                       0 0
21000200002023-00248           1000000000500000060923004020000670364XXXXXXX2003 06/09/2023 09:28                   06092311801 0
2200020000                                                                                                                   1 0
2300020000                                     Revolut**0681*                                                                0 1
31000200012023-00248           004020001001Revolut**0681*                                                                    1 0
3200020001D02 R296 Dublin                                                                                                    0 0
8118BE95645100416758                  EUR0000000026673560060923                                                                0
9               000012000000000540000000000000000000                                                                           1
0000008092364505                  ZANDD ENTERPRISES BV      JVBABE22   00712627128 00000                                       2
12119BE95645100416758                  EUR0000000026673560060923ZANDD ENTERPRISES BV      Zichtrekening professioneel        119
21000100002023-00249           1000000000061860080923004020000670364XXXXXXX2003 07/09/2023 23:51 Communication: Ele08092311901 0
2200010000ktor EIM                                                                                                           1 0
2300010000                                     ElektorCOM                                                                    0 1
31000100012023-00249           004020001001ElektorCOM                                                                        1 0
32000100016114 ZG SUSTEREN                                                                                                   0 0
8119BE95645100416758                  EUR0000000026611700080923                                                                0
9               000007000000000061860000000000000000                                                                           1
0000011092364505                  ZANDD ENTERPRISES BV      JVBABE22   00712627128 00000                                       2
12120BE95645100416758                  EUR0000000026611700080923ZANDD ENTERPRISES BV      Zichtrekening professioneel        120
21000100002023-00250           1000000000114350110923001010000F2023/7262                                           11092312001 0
2200010000                                                                                        RABONL2U                   1 0
2300010000NL59RABO0166907960                   The Waterpurifier                                                             0 1
31000100012023-00250           001010001001The Waterpurifier                                                                 1 0
3200010001Genebroekstraat 82                 B--3581 Beverlo                                                                 0 0
8120BE95645100416758                  EUR0000000026497350110923                                                                0
9               000007000000000114350000000000000000                                                                           1
0000012092364505                  ZANDD ENTERPRISES BV      JVBABE22   00712627128 00000                                       2
12121BE95645100416758                  EUR0000000026497350110923ZANDD ENTERPRISES BV      Zichtrekening professioneel        121
21000100002023-00251           10000000000982501209230050100001029288725177 PAYPAL                                 12092312101 0
2200010000                                                     1029288725177                      PPLXLUL2                   1 0
2300010000LU89751000135104200E                 PayPal Europe S.a.r.l. et Cie S.C.A                                           0 1
31000100012023-00251           005010001001PayPal Europe S.a.r.l. et Cie S.C.A                                               0 0
8121BE95645100416758                  EUR0000000026399100120923                                                                0
9               000006000000000098250000000000000000                                                                           1
0000013092364505                  ZANDD ENTERPRISES BV      JVBABE22   00712627128 00000                                       2
12122BE95645100416758                  EUR0000000026399100120923ZANDD ENTERPRISES BV      Zichtrekening professioneel        122
21000100002023-00252           1000000000056070130923004020000670364XXXXXXX2003 13/09/2023 18:23 Communication: Ele13092312201 0
2200010000ktor EIM                                                                                                           1 0
2300010000                                     ElektorCOM                                                                    0 1
31000100012023-00252           004020001001ElektorCOM                                                                        1 0
32000100016114 ZG SUSTEREN                                                                                                   0 0
8122BE95645100416758                  EUR0000000026343030130923                                                                0
9               000007000000000056070000000000000000                                                                           1
0000017092364505                  ZANDD ENTERPRISES BV      JVBABE22   00712627128 00000                                       2
12123BE95645100416758                  EUR0000000026343030130923ZANDD ENTERPRISES BV      Zichtrekening professioneel        123
21000100002023-00253           1000000000330330170923001010000Factuurnummer: 222213                                17092312301 0
2200010000                                                                                        BBRUBEBB                   1 0
2300010000BE86335013434950                     Peumans Bvba                                                                  0 1
31000100012023-00253           001010001001Peumans Bvba                                                                      0 0
21000200002023-00254           1000000000330330170923001010000Factuurnummer: 222056                                17092312301 0
2200020000                                                                                        BBRUBEBB                   1 0
2300020000BE86335013434950                     Peumans Bvba                                                                  0 1
31000200012023-00254           001010001001Peumans Bvba                                                                      0 0
8123BE95645100416758                  EUR0000000025682370170923                                                                0
9               000010000000000660660000000000000000                                                                           2
