0000001022364505                  ZANDD ENTERPRISES BV      JVBABE22   00712627128 00000                                       2
12015BE95645100416758                  EUR0000000029681310310123ZANDD ENTERPRISES BV      Zichtrekening professioneel        015
21000100002023-00027           1000000000002990010223005010000Amazon EU S.a r.l. by Stripe via PPRO - D01-5069205-701022301501 0
2200010000797457                                               5ZSA87H                            DEUTDEFFVAC            OTHR1 0
2300010000DE14120700700090053464               Amazon EU S.a r.l. by Stripe via PP                                           0 1
31000100012023-00027           005010001001Amazon EU S.a r.l. by Stripe via PPRO                                             0 0
8015BE95645100416758                  EUR0000000029678320010223                                                                0
9               000006000000000002990000000000000000                                                                           1
0000003022364505                  ZANDD ENTERPRISES BV      JVBABE22   00712627128 00000                                       2
12016BE95645100416758                  EUR0000000029678320010223ZANDD ENTERPRISES BV      Zichtrekening professioneel        016
21000100002023-00028           1000000000500000030223011010000Aank. 3,079 UNIVERSAL INVEST HIG aan 162,38985 EUR   03022301601 0
2200010000Effectenrekening 329862 borderel 078922              556625                                                        0 0
8016BE95645100416758                  EUR0000000029178320030223                                                                0
9               000004000000000500000000000000000000                                                                           1
0000007022364505                  ZANDD ENTERPRISES BV      JVBABE22   00712627128 00000                                       2
12017BE95645100416758                  EUR0000000029178320030223ZANDD ENTERPRISES BV      Zichtrekening professioneel        017
21000100002023-00029           1000000007000000070223001010000Rekening Courant opname                              07022301701 0
2200010000                                                                                        JVBABE22                   1 0
2300010000BE17645105243621                     Z.-D. Takacs-Kha                                                              0 1
31000100012023-00029           001010001001Z.-D. Takacs-Kha                                                                  1 0
3200010001LOUIZALAAN 341 341/5D              1050 Brussel (Elsene)                                                           0 0
8017BE95645100416758                  EUR0000000022178320070223                                                                0
9               000007000000007000000000000000000000                                                                           1
0000009022364505                  ZANDD ENTERPRISES BV      JVBABE22   00712627128 00000                                       2
12018BE95645100416758                  EUR0000000022178320070223ZANDD ENTERPRISES BV      Zichtrekening professioneel        018
21000100002023-00030           1000000000022400090223004020000670364XXXXXXX2003 09/02/2023 17:14                   09022301801 0
2200010000                                                                                                                   1 0
2300010000                                     FORME FS SOCIETE DES T                                                        0 1
31000100012023-00030           004020001001FORME FS SOCIETE DES T                                                            1 0
32000100011000 Bruxelles                                                                                                     0 0
8018BE95645100416758                  EUR0000000022155920090223                                                                0
9               000007000000000022400000000000000000                                                                           1
0000010022364505                  ZANDD ENTERPRISES BV      JVBABE22   00712627128 00000                                       2
12019BE95645100416758                  EUR0000000022155920090223ZANDD ENTERPRISES BV      Zichtrekening professioneel        019
21000100002023-00031           00000000000700001002230045000000407638900000902232149090223214936304696774302011025010022301901 0
22000100000000638900000000044000000000000000P2P MOBILE      000666/4104136389/Y                   BBRUBEBB                   1 0
2300010000BE66363046967743                     BANKSYS                            07935                                      0 1
31000100012023-00031           004500001001BANKSYS                                                                           0 0
21000200002023-00032           0000000016475360100223001500000INV.NR.20221231.065.DSAK                             10022301901 0
2200020000                                                     00004308/32 2023-02-10             BBRUBEBB           SUPP    1 0
2300020000BE22320006273647                     CRONOS INTERNATIONAL                                                          0 1
31000200012023-00032           001500001001CRONOS INTERNATIONAL                                                              1 0
3200020001RUE PAFEBRUCH 89                   CAPELLEN         8308                                                           0 0
8019BE95645100416758                  EUR0000000038701280100223                                                                0
9               000011000000000000000000000016545360                                                                           1
0000011022364505                  ZANDD ENTERPRISES BV      JVBABE22   00712627128 00000                                       2
12020BE95645100416758                  EUR0000000038701280100223ZANDD ENTERPRISES BV      Zichtrekening professioneel        020
21000100002023-00033           1000000000198930110223004020000670364XXXXXXX2003 11/02/2023 12:04                   11022302001 0
2200010000                                                                                                                   1 0
2300010000                                     KaffeKapslen                                                                  0 1
31000100012023-00033           004020001001KaffeKapslen                                                                      1 0
32000100018361 HASSELAGER                                                                                                    0 0
8020BE95645100416758                  EUR0000000038502350110223                                                                0
9               000007000000000198930000000000000000                                                                           1
0000014022364505                  ZANDD ENTERPRISES BV      JVBABE22   00712627128 00000                                       2
12021BE95645100416758                  EUR0000000038502350110223ZANDD ENTERPRISES BV      Zichtrekening professioneel        021
21000100002023-00034           1000000000885870140223001010000No INVOICE 2023/001/1                                14022302101 0
2200010000                                                                                        KREDBEBB                   1 0
2300010000BE71734046730969                     BuyIT Consulting SRL                                                          0 1
31000100012023-00034           001010001001BuyIT Consulting SRL                                                              0 0
8021BE95645100416758                  EUR0000000037616480140223                                                                0
9               000006000000000885870000000000000000                                                                           1
0000015022364505                  ZANDD ENTERPRISES BV      JVBABE22   00712627128 00000                                       2
12022BE95645100416758                  EUR0000000037616480140223ZANDD ENTERPRISES BV      Zichtrekening professioneel        022
21000100002023-00035           1000000000768680150223004020000670364XXXXXXX2003 15/02/2023 21:22 Communication: 66615022302201 0
22000100007DVN AMAZON.DE                                                                                                     1 0
2300010000                                     Amazon DE                                                                     0 1
31000100012023-00035           004020001001Amazon DE                                                                         1 0
32000100012338 Luxembourg                                                                                                    0 0
8022BE95645100416758                  EUR0000000036847800150223                                                                0
9               000007000000000768680000000000000000                                                                           1
0000018022364505                  ZANDD ENTERPRISES BV      JVBABE22   00712627128 00000                                       2
12023BE95645100416758                  EUR0000000036847800150223ZANDD ENTERPRISES BV      Zichtrekening professioneel        023
21000100002023-00036           1000000000034000180223001010001101692570092458                                      18022302301 0
2200010000                                                                                        BBRUBEBB                   1 0
2300010000BE37363125177328                     V&M Services                                                                  0 1
31000100012023-00036           001010001001V&M Services                                                                      0 0
8023BE95645100416758                  EUR0000000036813800180223                                                                0
9               000006000000000034000000000000000000                                                                           1
0000020022364505                  ZANDD ENTERPRISES BV      JVBABE22   00712627128 00000                                       2
12024BE95645100416758                  EUR0000000036813800180223ZANDD ENTERPRISES BV      Zichtrekening professioneel        024
21000100002023-00037           10000000002637802002230050100003477-2023-98INV                                      20022302401 0
2200010000                                                     171259-487X74-TMSBEL               INGBNL2A                   1 0
2300010000NL92INGB0006087442                   IWG Belgium BV                                                                0 1
31000100012023-00037           005010001001IWG Belgium BV                                                                    1 0
3200010001Louizalaan 65 bus 11               1050 Brussel BE                                                                 0 0
21000200002023-00038           1000000001689980200223001010000Declaratie EXP.31012023.001.DSAK                     20022302401 0
2200020000                                                                                        JVBABE22                   1 0
2300020000BE17645105243621                     Z.-D. Takacs-Kha                                                              0 1
31000200012023-00038           001010001001Z.-D. Takacs-Kha                                                                  1 0
3200020001LOUIZALAAN 341 341/5D              1050 Brussel (Elsene)                                                           0 0
21000300002023-00039           1000000001184020200223001010001101000273806142                                      20022302401 0
2200030000                                                                                        KREDBEBB                   1 0
2300030000BE41734020050010                     LEFEBRE SARRUT Belgium NV                                                     0 1
31000300012023-00039           001010001001LEFEBRE SARRUT Belgium NV                                                         1 0
3200030001hoogstraat 139 bus 6               1000, Brussel                                                                   0 0
21000400002023-00040           1000000000373090200223001010001101730146203244                                      20022302401 0
2200040000                                                                                        GEBABEBB                   1 0
2300040000BE82210000088968                     Proximus                                                                      0 1
31000400012023-00040           001010001001Proximus                                                                          1 0
3200040001Koning Albert II-laan 27           1030 Brussel                                                                    0 0
21000500002023-00041           1000000005000000200223001010001101712627163485                                      20022302401 0
2200050000                                                                                        PCHQBEBB                   1 0
2300050000BE96679200227905                     Fod Financien Inning en Invordering                                           0 1
31000500012023-00041           001010001001Fod Financien Inning en Invordering                                               1 0
3200050001Zwartzustervest 24/32              2800 Mechelen                                                                   0 0
21000600002023-00042           1000000002488380200223001010001101201379581659                                      20022302401 0
2200060000                                                                                        PCHQBEBB                   1 0
2300060000BE42679200000054                     KMO Brussel I                                                                 0 1
31000600012023-00042           001010001001KMO Brussel I                                                                     1 0
3200060001Kruidtuinlaan 50, Bus 3402         1000, Brussel                                                                   0 0
21000700002023-00043           1000000001103220200223001010001101000012714272                                      20022302401 0
2200070000                                                                                        KREDBEBB                   1 0
2300070000BE75439811100151                     verassfin                                                                     0 1
31000700012023-00043           001010001001verassfin                                                                         1 0
3200070001Henri Dunantlaan 23                1140 EVERE                                                                      0 0
21000800002023-00044           1000000000027370200223001010001101423866212465                                      20022302401 0
2200080000                                                                                        KREDBEBB                   1 0
2300080000BE56435410980188                     Liantis sociaal secretariaat vzw                                              0 1
31000800012023-00044           001010001001Liantis sociaal secretariaat vzw                                                  1 0
3200080001Willebroekkaai 37                  1000 Brussel                                                                    0 0
21000900002023-00045           1000000000211490200223001010000VFNLO68879                                           20022302401 0
2200090000                                                                                        ABNANL2A                   1 0
2300090000NL61ABNA0578341883                   Elektor International Media BV                                                0 1
31000900012023-00045           001010001001Elektor International Media BV                                                    1 0
3200090001Postbus 11                         6114ZG Zusteren                                                                 0 0
21001000002023-00046           0000000000829000200223001500000Terug storting RC.                                   20022302401 0
2200100000                                                                                        JVBABE22                   1 0
2300100000BE17645105243621                     Takacs-Kha Z.-D.                                                              0 1
31001000012023-00046           001500001001Takacs-Kha Z.-D.                                                                  1 0
3200100001LOUIZALAAN 341 341/5D              1050 Brussel (Elsene)                                                           0 0
21001100002023-00047           1000000000076240200223001010000F2023/0091                                           20022302401 0
2200110000                                                                                        GEBABEBB                   1 0
2300110000BE49235021763071                     The Waterpurifier                                                             0 1
31001100012023-00047           001010001001The Waterpurifier                                                                 1 0
3200110001Genebroekstraat 82                 B--3581 Beverlo                                                                 0 0
8024BE95645100416758                  EUR0000000025225230200223                                                                0
9               000057000000012417570000000000829000                                                                           2
