0000001042364505                  ZANDD ENTERPRISES BV      JVBABE22   00712627128 00000                                       2
12045BE95645100416758                  EUR0000000037306490310323ZANDD ENTERPRISES BV      Zichtrekening professioneel        045
21000100002023-00102           1000000000195600010423004020000670364XXXXXXX2003 01/04/2023 12:43 Communication: DNR01042304501 0
2200010000: MQFSPHB                                                                                                          1 0
2300010000                                     NS                                                                            0 1
31000100012023-00102           004020001001NS                                                                                1 0
32000100011012 AB Amsterdam                                                                                                  0 0
21000200002023-00103           1000000000019280010423004020000670364XXXXXXX2003 01/04/2023 10:47 Communication: 59O01042304501 0
2200020000LHXP WWW.AMAZON.COM.BE                                                                                             1 0
2300020000                                     AMZN MKTP BE                                                                  0 1
31000200012023-00103           004020001001AMZN MKTP BE                                                                      1 0
32000200011855 Luxembourg                                                                                                    0 0
8045BE95645100416758                  EUR0000000037091610010423                                                                0
9               000012000000000214880000000000000000                                                                           1
0000002042364505                  ZANDD ENTERPRISES BV      JVBABE22   00712627128 00000                                       2
12046BE95645100416758                  EUR0000000037091610010423ZANDD ENTERPRISES BV      Zichtrekening professioneel        046
21000100002023-00104           1000000002282910020423001010001101500632442396                                      02042304601 0
2200010000                                                                                        KREDBEBB                   1 0
2300010000BE31410000071155                     VOLVO CAR INSURANCE                                                           0 1
31000100012023-00104           001010001001VOLVO CAR INSURANCE                                                               0 0
21000200002023-00105           1000000000255600020423001010001101580330036074                                      02042304601 0
2200020000                                                                                        GKCCBEBB                   1 0
2300020000BE41091018845210                     Hulpverleningszone Oost VL-Br.                                                0 1
31000200012023-00105           001010001001Hulpverleningszone Oost VL-Br.                                                    1 0
3200020001Spoorwegstraat 6                   3020 HERENT                                                                     0 0
21000300002023-00106           1000000000874190020423001010001101419169760031                                      02042304601 0
2200030000                                                                                        KREDBEBB                   1 0
2300030000BE56435410980188                     Liantis sociaal secretariaat vzw                                              0 1
31000300012023-00106           001010001001Liantis sociaal secretariaat vzw                                                  1 0
3200030001Willebroekkaai 37                  1000 Brussel                                                                    0 0
21000400002023-00107           1000000000050000020423001010001101201411124039                                      02042304601 0
2200040000                                                                                        PCHQBEBB                   1 0
2300040000BE42679200000054                     KMO Brussel I                                                                 0 1
31000400012023-00107           001010001001KMO Brussel I                                                                     1 0
3200040001Kruidtuinlaan 50, Bus 3402         1000, Brussel                                                                   0 0
21000500002023-00108           1000000000229200020423001010001101230214910691                                      02042304601 0
2200050000                                                                                        KREDBEBB                   1 0
2300050000BE71448764648169                     HELAN                                                                         0 1
31000500012023-00108           001010001001HELAN                                                                             1 0
3200050001sluisweg 2 bus 1                   9000 Gent                                                                       0 0
21000600002023-00109           1000000000010000020423001010001101730258918153                                      02042304601 0
2200060000                                                                                        GEBABEBB                   1 0
2300060000BE82210000088968                     Proximus                                                                      0 1
31000600012023-00109           001010001001Proximus                                                                          1 0
3200060001Koning Albert II-laan 27           1030 Brussel                                                                    0 0
21000700002023-00110           1000000002299480020423001010001101323858887113                                      02042304601 0
2200070000                                                                                        BBRUBEBB                   1 0
2300070000BE17310001380621                     Partena svz                                                                   0 1
31000700012023-00110           001010001001Partena svz                                                                       1 0
3200070001Kartuizerstraat 45                 1000 Brussel                                                                    0 0
21000800002023-00111           10000000001143500204230010100002023/2089                                            02042304601 0
2200080000                                                                                        GEBABEBB                   1 0
2300080000BE49235021763071                     The Waterpurifier                                                             0 1
31000800012023-00111           001010001001The Waterpurifier                                                                 1 0
3200080001Genebroekstraat 82                 B--3581 Beverlo                                                                 0 0
21000900002023-00112           1000000000014960020423001010000E0400MA45A                                           02042304601 0
2200090000                                                                                        CITIGB2L                   1 0
2300090000GB31CITI18500812207591               MICROSOFT IRELAND OPERATIONS LIMITE                                           0 1
31000900012023-00112           001010001001MICROSOFT IRELAND OPERATIONS LIMITED                                              1 0
3200090001One Microsoft place                south county business park, leopard                                             0 0
8046BE95645100416758                  EUR0000000030960920020423                                                                0
9               000046000000006130690000000000000000                                                                           2
