0000001052364505                  ZANDD ENTERPRISES BV      JVBABE22   00712627128 00000                                       2
12061BE95645100416758                  EUR0000000026799370280423ZANDD ENTERPRISES BV      Zichtrekening professioneel        061
21000100002023-00150           1000000000357240010523004020000670364XXXXXXX2003 01/05/2023 21:54 Communication: Hot01052306101 0
2200010000el at Booking.com                                                                                                  1 0
2300010000                                     Hotel on Booking.com                                                          0 1
31000100012023-00150           004020001001Hotel on Booking.com                                                              1 0
32000100011017 CE AMSTERDAM                                                                                                  0 0
8061BE95645100416758                  EUR0000000026442130010523                                                                0
9               000007000000000357240000000000000000                                                                           1
0000003052364505                  ZANDD ENTERPRISES BV      JVBABE22   00712627128 00000                                       2
12062BE95645100416758                  EUR0000000026442130010523ZANDD ENTERPRISES BV      Zichtrekening professioneel        062
21000100002023-00151           1000000000002990030523005010000Amazon EU S.a r.l. by Stripe via PPRO - D01-5810675-603052306201 0
2200010000162216                                               5JDV8XC                            DEUTDEFFVAC            OTHR1 0
2300010000DE14120700700090053464               Amazon EU S.a r.l. by Stripe via PP                                           0 1
31000100012023-00151           005010001001Amazon EU S.a r.l. by Stripe via PPRO                                             0 0
8062BE95645100416758                  EUR0000000026439140030523                                                                0
9               000006000000000002990000000000000000                                                                           1
0000004052364505                  ZANDD ENTERPRISES BV      JVBABE22   00712627128 00000                                       2
12063BE95645100416758                  EUR0000000026439140030523ZANDD ENTERPRISES BV      Zichtrekening professioneel        063
21000100002023-00152           1000000000499990040523011010000Aank. 3,0751 UNIVERSAL INVEST HI aan 162,59285 EUR   04052306301 0
2200010000Effectenrekening 329862 borderel 275506              594043                                                        0 0
8063BE95645100416758                  EUR0000000025939150040523                                                                0
9               000004000000000499990000000000000000                                                                           1
0000008052364505                  ZANDD ENTERPRISES BV      JVBABE22   00712627128 00000                                       2
12064BE95645100416758                  EUR0000000025939150040523ZANDD ENTERPRISES BV      Zichtrekening professioneel        064
21000100002023-00153           0000000001293920080523001500000580330036                                            08052306401 0
2200010000                                                     580330036                          KREDBEBB                   1 0
2300010000BE35737056463137                     OLISLAEGERS VASTGOED NV                                                       0 1
31000100012023-00153           001500001001OLISLAEGERS VASTGOED NV                                                           1 0
3200010001NEERPOORTENSTRAAT    116           3040    HULDENBERG                                                              0 0
21000200002023-00154           1000000003500000080523001010000Rc opname                                            08052306401 0
2200020000                                                                                        JVBABE22                   1 0
2300020000BE17645105243621                     Z.-D. Takacs-Kha                                                              0 1
31000200012023-00154           001010001001Z.-D. Takacs-Kha                                                                  1 0
3200020001LOUIZALAAN 341 341/5D              1050 Brussel (Elsene)                                                           0 0
8064BE95645100416758                  EUR0000000023733070080523                                                                0
9               000012000000003500000000000001293920                                                                           1
0000011052364505                  ZANDD ENTERPRISES BV      JVBABE22   00712627128 00000                                       2
12065BE95645100416758                  EUR0000000023733070080523ZANDD ENTERPRISES BV      Zichtrekening professioneel        065
21000100002023-00155           1000000000022400110523004020000670364XXXXXXX2003 11/05/2023 07:01                   11052306501 0
2200010000                                                                                                                   1 0
2300010000                                     FORME FS SOCIETE DES T                                                        0 1
31000100012023-00155           004020001001FORME FS SOCIETE DES T                                                            1 0
32000100011000 Bruxelles                                                                                                     0 0
8065BE95645100416758                  EUR0000000023710670110523                                                                0
9               000007000000000022400000000000000000                                                                           1
0000012052364505                  ZANDD ENTERPRISES BV      JVBABE22   00712627128 00000                                       2
12066BE95645100416758                  EUR0000000023710670110523ZANDD ENTERPRISES BV      Zichtrekening professioneel        066
21000100002023-00156           1000000005000000120523001010001101071262712841                                      12052306601 0
2200010000                                                                                        PCHQBEBB                   1 0
2300010000BE22679200300047                     Btw ontvangsten Brussel                                                       0 1
31000100012023-00156           001010001001Btw ontvangsten Brussel                                                           1 0
3200010001kruidtuinlaan 50 bus3402           1000, brussel                                                                   0 0
21000200002023-00157           1000000000022050120523004020000670364XXXXXXX2003 12/05/2023 14:03                   12052306601 0
2200020000                                                                                                                   1 0
2300020000                                     EINDHOVEN AIRPORT N.V.                                                        0 1
31000200012023-00157           004020001001EINDHOVEN AIRPORT N.V.                                                            1 0
32000200015657 EA Eindhoven                                                                                                  0 0
8066BE95645100416758                  EUR0000000018688620120523                                                                0
9               000012000000005022050000000000000000                                                                           1
0000018052364505                  ZANDD ENTERPRISES BV      JVBABE22   00712627128 00000                                       2
12067BE95645100416758                  EUR0000000018688620120523ZANDD ENTERPRISES BV      Zichtrekening professioneel        067
21000100002023-00158           10000000002637801805230050100003477-2023-398INV                                     18052306701 0
2200010000                                                     182280-471X74-TMSBEL               INGBNL2A                   1 0
2300010000NL92INGB0006087442                   IWG Belgium BV                                                                0 1
31000100012023-00158           005010001001IWG Belgium BV                                                                    1 0
3200010001Louizalaan 65 bus 11               1050 Brussel BE                                                                 0 0
8067BE95645100416758                  EUR0000000018424840180523                                                                0
9               000007000000000263780000000000000000                                                                           1
0000022052364505                  ZANDD ENTERPRISES BV      JVBABE22   00712627128 00000                                       2
12068BE95645100416758                  EUR0000000018424840180523ZANDD ENTERPRISES BV      Zichtrekening professioneel        068
21000100002023-00159           1000000000330330220523001010000Factuurnummer: 221509                                22052306801 0
2200010000                                                                                        BBRUBEBB                   1 0
2300010000BE86335013434950                     Peumans Bvba                                                                  0 1
31000100012023-00159           001010001001Peumans Bvba                                                                      0 0
21000200002023-00160           1000000000114350220523001010000F2023/3778                                           22052306801 0
2200020000                                                                                        RABONL2U                   1 0
2300020000NL59RABO0166907960                   The Waterpurifier                                                             0 1
31000200012023-00160           001010001001The Waterpurifier                                                                 1 0
3200020001Genebroekstraat 82                 B--3581 Beverlo                                                                 0 0
21000300002023-00161           1000000000028200220523001010001101419169760031                                      22052306801 0
2200030000                                                                                        KREDBEBB                   1 0
2300030000BE56435410980188                     Liantis sociaal secretariaat vzw                                              0 1
31000300012023-00161           001010001001Liantis sociaal secretariaat vzw                                                  1 0
3200030001Willebroekkaai 37                  1000 Brussel                                                                    0 0
8068BE95645100416758                  EUR0000000017951960220523                                                                0
9               000016000000000472880000000000000000                                                                           2
