0000003012364505                  ZANDD ENTERPRISES BV      JVBABE22   00712627128 00000                                       2
12001BE95645100416758                  EUR0000000048178840301222ZANDD ENTERPRISES BV      Zichtrekening professioneel        001
21000100002023-00001           1000000003500000030123001010000Rc opname 2023                                       03012300101 0
2200010000                                                                                        JVBABE22                   1 0
2300010000BE17645105243621                     Z.-D. Takacs-Kha                                                              0 1
31000100012023-00001           001010001001Z.-D. Takacs-Kha                                                                  1 0
3200010001LOUIZALAAN 341 341/5D              1050 Brussel (Elsene)                                                           0 0
21000200002023-00002           1000000000233250030123001010000Exp.2022.013.dsak                                    03012300101 0
2200020000                                                                                        JVBABE22                   1 0
2300020000BE17645105243621                     Z.-D. Takacs-Kha                                                              0 1
31000200012023-00002           001010001001Z.-D. Takacs-Kha                                                                  1 0
3200020001LOUIZALAAN 341 341/5D              1050 Brussel (Elsene)                                                           0 0
8001BE95645100416758                  EUR0000000044445590030123                                                                0
9               000012000000003733250000000000000000                                                                           2
