0000001032364505                  ZANDD ENTERPRISES BV      JVBABE22   00712627128 00000                                       2
12029BE95645100416758                  EUR0000000012790270280223ZANDD ENTERPRISES BV      Zichtrekening professioneel        029
21000100002023-00071           1000000000086000010323004020000670364XXXXXXX2003 01/03/2023 20:52                   01032302901 0
2200010000                                                                                                                   1 0
2300010000                                     RANGDHANU SRL                                                                 0 1
31000100012023-00071           004020001001RANGDHANU SRL                                                                     1 0
32000100011000 BRUXELLES                                                                                                     0 0
21000200002023-00072           1000000000028400010323004020000670364XXXXXXX2003 01/03/2023 21:17                   01032302901 0
2200020000                                                                                                                   1 0
2300020000                                     TAHA                                                                          0 1
31000200012023-00072           004020001001TAHA                                                                              1 0
32000200011090 JETTE                                                                                                         0 0
8029BE95645100416758                  EUR0000000012675870010323                                                                0
9               000012000000000114400000000000000000                                                                           1
0000002032364505                  ZANDD ENTERPRISES BV      JVBABE22   00712627128 00000                                       2
12030BE95645100416758                  EUR0000000012675870010323ZANDD ENTERPRISES BV      Zichtrekening professioneel        030
21000100002023-00073           1000000000002990020323005010000Amazon EU S.a r.l. by Stripe via PPRO - D01-3565366-702032303001 0
2200010000227857                                               6X0PJVH                            DEUTDEFFVAC            OTHR1 0
2300010000DE14120700700090053464               Amazon EU S.a r.l. by Stripe via PP                                           0 1
31000100012023-00073           005010001001Amazon EU S.a r.l. by Stripe via PPRO                                             0 0
21000200002023-00074           1000000000022400020323004020000670364XXXXXXX2003 02/03/2023 11:33                   02032303001 0
2200020000                                                                                                                   1 0
2300020000                                     FORME FS SOCIETE DES T                                                        0 1
31000200012023-00074           004020001001FORME FS SOCIETE DES T                                                            1 0
32000200011000 Bruxelles                                                                                                     0 0
8030BE95645100416758                  EUR0000000012650480020323                                                                0
9               000011000000000025390000000000000000                                                                           1
0000003032364505                  ZANDD ENTERPRISES BV      JVBABE22   00712627128 00000                                       2
12031BE95645100416758                  EUR0000000012650480020323ZANDD ENTERPRISES BV      Zichtrekening professioneel        031
21000100002023-00075           1000000000499980030323011010000Aank. 3,1108 UNIVERSAL INVEST HI aan 160,72525 EUR   03032303101 0
2200010000Effectenrekening 329862 borderel 134722              569373                                                        0 0
21000200002023-00076           1000000000020000030323004020000670364XXXXXXX2003 03/03/2023 16:25                   03032303101 0
2200020000                                                                                                                   1 0
2300020000                                     NATIONALE LOTERIJ                                                             0 1
31000200012023-00076           004020001001NATIONALE LOTERIJ                                                                 1 0
32000200011040 BRUSSEL                                                                                                       0 0
8031BE95645100416758                  EUR0000000012130500030323                                                                0
9               000009000000000519980000000000000000                                                                           2
