0000001102364505                  ZANDD ENTERPRISES BV      JVBABE22   00712627128 00000                                       2
12131BE95645100416758                  EUR0000000033616540290923ZANDD ENTERPRISES BV      Zichtrekening professioneel        131
21000100002023-00267           1000000000205390011023004020000670364XXXXXXX2003 01/10/2023 21:57 Communication: De 01102313101 0
2200010000Notenshop - Buckaroo                                                                                               1 0
2300010000                                     De Notenshop BV                                                               0 1
31000100012023-00267           004020001001De Notenshop BV                                                                   1 0
32000100013291 CR Strijen                                                                                                    0 0
21000200002023-00268           1000000002437440011023001010001101323898305485                                      01102313101 0
2200020000                                                                                        BBRUBEBB                   1 0
2300020000BE17310001380621                     Partena svz                                                                   0 1
31000200012023-00268           001010001001Partena svz                                                                       1 0
3200020001Kartuizerstraat 45                 1000 Brussel                                                                    0 0
8131BE95645100416758                  EUR0000000030973710011023                                                                0
9               000012000000002642830000000000000000                                                                           1
0000002102364505                  ZANDD ENTERPRISES BV      JVBABE22   00712627128 00000                                       2
12132BE95645100416758                  EUR0000000030973710011023ZANDD ENTERPRISES BV      Zichtrekening professioneel        132
21000100002023-00269           1000000000114350021023001010000F2023/8185                                           02102313201 0
2200010000                                                                                        RABONL2U                   1 0
2300010000NL59RABO0166907960                   The Waterpurifier                                                             0 1
31000100012023-00269           001010001001The Waterpurifier                                                                 1 0
3200010001Genebroekstraat 82                 B--3581 Beverlo                                                                 0 0
21000200002023-00270           1000000000113310021023004020000670364XXXXXXX2003 01/10/2023 23:07 Communication: +++02102313201 0
2200020000230/9540/53624+++                                                                                                  1 0
2300020000                                     Doccle -Helan Onafh ZF                                                        0 1
31000200012023-00270           004020001001Doccle -Helan Onafh ZF                                                            1 0
32000200012610 Wilrijk                                                                                                       0 0
8132BE95645100416758                  EUR0000000030746050021023                                                                0
9               000012000000000227660000000000000000                                                                           1
0000003102364505                  ZANDD ENTERPRISES BV      JVBABE22   00712627128 00000                                       2
12133BE95645100416758                  EUR0000000030746050021023ZANDD ENTERPRISES BV      Zichtrekening professioneel        133
21000100002023-00271           1000000001400000031023001010000Voorschot Autersrechten  08-2023                     03102313301 0
2200010000                                                                                        JVBABE22                   1 0
2300010000BE17645105243621                     Z.-D. Takacs-Kha                                                              0 1
31000100012023-00271           001010001001Z.-D. Takacs-Kha                                                                  1 0
3200010001LOUIZALAAN 341 341/5D              1050 Brussel (Elsene)                                                           0 0
21000200002023-00272           1000000003554910031023001010000Loon 08 - 2023                                       03102313301 0
2200020000                                                                                        JVBABE22                   1 0
2300020000BE17645105243621                     Z.-D. Takacs-Kha                                                              0 1
31000200012023-00272           001010001001Z.-D. Takacs-Kha                                                                  0 0
21000300002023-00273           1000000000350410031023001010001101035370825482                                      03102313301 0
2200030000                                                                                        GEBABEBB                   1 0
2300030000BE22210005809847                     Sodexo Pass Belgium sa/nv                                                     0 1
31000300012023-00273           001010001001Sodexo Pass Belgium sa/nv                                                         1 0
3200030001Pleinlaan 15                       1050 Brussel                                                                    0 0
21000400002023-00274           1000000000220050031023001010000Loon 08 - 2023                                       03102313301 0
2200040000                                                                                        KREDBEBB                   1 0
2300040000BE79734071733933                     Zsuzsanna takacs                                                              0 1
31000400012023-00274           001010001001Zsuzsanna takacs                                                                  1 0
3200040001Brusselsesteenweg 614              3090                                                                            0 0
21000500002023-00275           1000000003033330031023001010001101201511660495                                      03102313301 0
2200050000                                                                                        PCHQBEBB                   1 0
2300050000BE42679200000054                     KMO Brussel I                                                                 0 1
31000500012023-00275           001010001001KMO Brussel I                                                                     1 0
3200050001Kruidtuinlaan 50, Bus 3402         1000, Brussel                                                                   0 0
8133BE95645100416758                  EUR0000000022187350031023                                                                0
9               000026000000008558700000000000000000                                                                           1
0000004102364505                  ZANDD ENTERPRISES BV      JVBABE22   00712627128 00000                                       2
12134BE95645100416758                  EUR0000000022187350031023ZANDD ENTERPRISES BV      Zichtrekening professioneel        134
21000100002023-00276           1000000000499980041023011010000Aank. 2,9996 UNIVERSAL INVEST HIG aan 166,6833 EUR   04102313401 0
2200010000Effectenrekening 329862 borderel 624650              655365                                                        0 0
8134BE95645100416758                  EUR0000000021687370041023                                                                0
9               000004000000000499980000000000000000                                                                           1
0000005102364505                  ZANDD ENTERPRISES BV      JVBABE22   00712627128 00000                                       2
12135BE95645100416758                  EUR0000000021687370041023ZANDD ENTERPRISES BV      Zichtrekening professioneel        135
21000100002023-00277           1000000001466520051023001010000EXP.31072023.007.DSAK                                05102313501 0
2200010000                                                                                        JVBABE22                   1 0
2300010000BE17645105243621                     Z.-D. Takacs-Kha                                                              0 1
31000100012023-00277           001010001001Z.-D. Takacs-Kha                                                                  1 0
3200010001Brusselsesteenweg 614              3090 Overijse                                                                   0 0
21000200002023-00278           1000000000848220051023001010000EXP.30092023.009.DSAK                                05102313501 0
2200020000                                                                                        JVBABE22                   1 0
2300020000BE17645105243621                     Z.-D. Takacs-Kha                                                              0 1
31000200012023-00278           001010001001Z.-D. Takacs-Kha                                                                  1 0
3200020001Brusselsesteenweg 614              3090 Overijse                                                                   0 0
21000300002023-00279           1000000002799430051023001010000EXP.31082023.008.DSAK                                05102313501 0
2200030000                                                                                        JVBABE22                   1 0
2300030000BE17645105243621                     Z.-D. Takacs-Kha                                                              0 1
31000300012023-00279           001010001001Z.-D. Takacs-Kha                                                                  1 0
3200030001Brusselsesteenweg 614              3090 Overijse                                                                   0 0
21000400002023-00280           10000000018342100510230010100002023/001/4                                           05102313501 0
2200040000                                                                                        KREDBEBB                   1 0
2300040000BE71734046730969                     BuyIT Consulting SRL                                                          0 1
31000400012023-00280           001010001001BuyIT Consulting SRL                                                              0 0
8135BE95645100416758                  EUR0000000014738990051023                                                                0
9               000021000000006948380000000000000000                                                                           1
0000011102364505                  ZANDD ENTERPRISES BV      JVBABE22   00712627128 00000                                       2
12136BE95645100416758                  EUR0000000014738990051023ZANDD ENTERPRISES BV      Zichtrekening professioneel        136
21000100002023-00281           1000000000304830111023004020000670364XXXXXXX2003 11/10/2023 16:10                   11102313601 0
2200010000                                                                                                                   1 0
2300010000                                     KaffeKapslen                                                                  0 1
31000100012023-00281           004020001001KaffeKapslen                                                                      1 0
32000100018361 HASSELAGER                                                                                                    0 0
8136BE95645100416758                  EUR0000000014434160111023                                                                0
9               000007000000000304830000000000000000                                                                           1
0000018102364505                  ZANDD ENTERPRISES BV      JVBABE22   00712627128 00000                                       2
12137BE95645100416758                  EUR0000000014434160111023ZANDD ENTERPRISES BV      Zichtrekening professioneel        137
21000100002023-00282           10000000002637801810230050100003477-2023-887INV                                     18102313701 0
2200010000                                                     198891-485X74-TMSBEL               INGBNL2A                   1 0
2300010000NL92INGB0006087442                   IWG Belgium BV                                                                0 1
31000100012023-00282           005010001001IWG Belgium BV                                                                    1 0
3200010001Louizalaan 65 bus 11               1050 Brussel BE                                                                 0 0
8137BE95645100416758                  EUR0000000014170380181023                                                                0
9               000007000000000263780000000000000000                                                                           1
0000024102364505                  ZANDD ENTERPRISES BV      JVBABE22   00712627128 00000                                       2
12138BE95645100416758                  EUR0000000014170380181023ZANDD ENTERPRISES BV      Zichtrekening professioneel        138
21000100002023-00283           1000000000500000241023004020000670364XXXXXXX2003 23/10/2023 15:01                   24102313801 0
2200010000                                                                                                                   1 0
2300010000                                     Revolut**0681*                                                                0 1
31000100012023-00283           004020001001Revolut**0681*                                                                    1 0
3200010001D02 R296 Dublin                                                                                                    0 0
8138BE95645100416758                  EUR0000000013670380241023                                                                0
9               000007000000000500000000000000000000                                                                           1
0000026102364505                  ZANDD ENTERPRISES BV      JVBABE22   00712627128 00000                                       2
12139BE95645100416758                  EUR0000000013670380241023ZANDD ENTERPRISES BV      Zichtrekening professioneel        139
21000100002023-00284           0000000018534780261023001500000INV.NR.20230930.077.DSAK                             26102313901 0
2200010000                                                     00004881/305 2023-10-26            KREDBEBB           SUPP    1 0
2300010000BE83733052368815                     CRONOS EUROPA NV                                                              0 1
31000100012023-00284           001500001001CRONOS EUROPA NV                                                                  1 0
3200010001KUNSTLAAN            46   B5       1000    BRUSSEL                                                                 0 0
8139BE95645100416758                  EUR0000000032205160261023                                                                0
9               000007000000000000000000000018534780                                                                           1
0000027102364505                  ZANDD ENTERPRISES BV      JVBABE22   00712627128 00000                                       2
12140BE95645100416758                  EUR0000000032205160261023ZANDD ENTERPRISES BV      Zichtrekening professioneel        140
21000100002023-00285           1000000001019800271023005010000SI23/266534                                          27102314001 0
2200010000                                                     SDD-895466-10339039                GEBABEBB                   1 0
2300010000BE42001839300054                     VOLVO                                                                         0 1
31000100012023-00285           005010001001VOLVO                                                                             0 0
8140BE95645100416758                  EUR0000000031185360271023                                                                0
9               000006000000001019800000000000000000                                                                           1
0000028102364505                  ZANDD ENTERPRISES BV      JVBABE22   00712627128 00000                                       2
12141BE95645100416758                  EUR0000000031185360271023ZANDD ENTERPRISES BV      Zichtrekening professioneel        141
21000100002023-00286           1000000001400000281023001010000Voorschot Autersrechten  09-2023                     28102314101 0
2200010000                                                                                        JVBABE22                   1 0
2300010000BE17645105243621                     Z.-D. Takacs-Kha                                                              0 1
31000100012023-00286           001010001001Z.-D. Takacs-Kha                                                                  1 0
3200010001LOUIZALAAN 341 341/5D              1050 Brussel (Elsene)                                                           0 0
21000200002023-00287           1000000003554910281023001010000Loon 09 - 2023                                       28102314101 0
2200020000                                                                                        JVBABE22                   1 0
2300020000BE17645105243621                     Z.-D. Takacs-Kha                                                              0 1
31000200012023-00287           001010001001Z.-D. Takacs-Kha                                                                  0 0
21000300002023-00288           1000000000220050281023001010000Loon 09 - 2023                                       28102314101 0
2200030000                                                                                        KREDBEBB                   1 0
2300030000BE79734071733933                     Zsuzsanna takacs                                                              0 1
31000300012023-00288           001010001001Zsuzsanna takacs                                                                  1 0
3200030001Brusselsesteenweg 614              3090                                                                            0 0
21000400002023-00289           1000000000328220281023001010001101035411871135                                      28102314101 0
2200040000                                                                                        GEBABEBB                   1 0
2300040000BE22210005809847                     Sodexo Pass Belgium sa/nv                                                     0 1
31000400012023-00289           001010001001Sodexo Pass Belgium sa/nv                                                         1 0
3200040001Pleinlaan 15                       1050 Brussel                                                                    0 0
21000500002023-00290           1000000000317540281023001010001101035411870529                                      28102314101 0
2200050000                                                                                        GEBABEBB                   1 0
2300050000BE22210005809847                     Sodexo Pass Belgium sa/nv                                                     0 1
31000500012023-00290           001010001001Sodexo Pass Belgium sa/nv                                                         1 0
3200050001Pleinlaan 15                       1050 Brussel                                                                    0 0
8141BE95645100416758                  EUR0000000025364640281023                                                                0
9               000026000000005820720000000000000000                                                                           2
