0000002122364505                  ZANDD ENTERPRISES BV      JVBABE22   00712627128 00000                                       2
12156BE95645100416758                  EUR0000000017735630301123ZANDD ENTERPRISES BV      Zichtrekening professioneel        156
21000100002023-00316           1000000001400000021223001010000Voorschot Autersrechten 10-2023                      02122315601 0
2200010000                                                                                        JVBABE22                   1 0
2300010000BE17645105243621                     Z.-D. Takacs-Kha                                                              0 1
31000100012023-00316           001010001001Z.-D. Takacs-Kha                                                                  1 0
3200010001LOUIZALAAN 341 341/5D              1050 Brussel (Elsene)                                                           0 0
21000200002023-00317           1000000003554910021223001010000Loon 10 - 2023                                       02122315601 0
2200020000                                                                                        JVBABE22                   1 0
2300020000BE17645105243621                     Z.-D. Takacs-Kha                                                              0 1
31000200012023-00317           001010001001Z.-D. Takacs-Kha                                                                  0 0
21000300002023-00318           1000000000200000021223001010000Kerst Premie                                         02122315601 0
2200030000                                                                                        JVBABE22                   1 0
2300030000BE17645105243621                     Z.-D. Takacs-Kha                                                              0 1
31000300012023-00318           001010001001Z.-D. Takacs-Kha                                                                  1 0
3200030001Brusselsesteenweg 614              3090 Overijse                                                                   0 0
21000400002023-00319           1000000000220050021223001010000Loon 10- 2023                                        02122315601 0
2200040000                                                                                        KREDBEBB                   1 0
2300040000BE79734071733933                     Zsuzsanna takacs                                                              0 1
31000400012023-00319           001010001001Zsuzsanna takacs                                                                  1 0
3200040001Brusselsesteenweg 614              3090                                                                            0 0
21000500002023-00320           1000000000200000021223001010000Kerst Premie 40 + 160                                02122315601 0
2200050000                                                                                        KREDBEBB                   1 0
2300050000BE79734071733933                     Zsuzsanna takacs                                                              0 1
31000500012023-00320           001010001001Zsuzsanna takacs                                                                  1 0
3200050001Brusselsesteenweg 614              3090                                                                            0 0
21000600002023-00321           1000000000142940021223001010000F2023/10145                                          02122315601 0
2200060000                                                                                        RABONL2U                   1 0
2300060000NL59RABO0166907960                   The Waterpurifier                                                             0 1
31000600012023-00321           001010001001The Waterpurifier                                                                 1 0
3200060001Genebroekstraat 82                 B--3581 Beverlo                                                                 0 0
21000700002023-00322           1000000000894770021223001010001101005341245079                                      02122315601 0
2200070000                                                                                        GEBABEBB                   1 0
2300070000BE50001815676918                     Eneco Belgium nv                                                              0 1
31000700012023-00322           001010001001Eneco Belgium nv                                                                  1 0
3200070001Battelsesteenweg 455i              2800 Mechelen                                                                   0 0
21000800002023-00323           1000000000344230021223001010001101035476255590                                      02122315601 0
2200080000                                                                                        GEBABEBB                   1 0
2300080000BE22210005809847                     Sodexo Pass Belgium sa/nv                                                     0 1
31000800012023-00323           001010001001Sodexo Pass Belgium sa/nv                                                         1 0
3200080001Pleinlaan 15                       1050 Brussel                                                                    0 0
8156BE95645100416758                  EUR0000000010778730021223                                                                0
9               000041000000006956900000000000000000                                                                           1
0000003122364505                  ZANDD ENTERPRISES BV      JVBABE22   00712627128 00000                                       2
12157BE95645100416758                  EUR0000000010778730021223ZANDD ENTERPRISES BV      Zichtrekening professioneel        157
21000100002023-00324           0000000000320000031223001500000Terug storting opname revolut en nationale loterij   03122315701 0
2200010000                                                                                        JVBABE22                   1 0
2300010000BE17645105243621                     Takacs-Kha Z.-D.                                                              0 1
31000100012023-00324           001500001001Takacs-Kha Z.-D.                                                                  1 0
3200010001Brusselsesteenweg 614              3090 Overijse                                                                   0 0
8157BE95645100416758                  EUR0000000011098730031223                                                                0
9               000007000000000000000000000000320000                                                                           1
0000005122364505                  ZANDD ENTERPRISES BV      JVBABE22   00712627128 00000                                       2
12158BE95645100416758                  EUR0000000011098730031223ZANDD ENTERPRISES BV      Zichtrekening professioneel        158
21000100002023-00325           1000000000500000051223011010000Aank. 2,9035 UNIVERSAL INVEST HIG aan 172,2049 EUR   05122315801 0
2200010000Effectenrekening 329862 borderel 751651              680101                                                        0 0
8158BE95645100416758                  EUR0000000010598730051223                                                                0
9               000004000000000500000000000000000000                                                                           1
0000010122364505                  ZANDD ENTERPRISES BV      JVBABE22   00712627128 00000                                       2
12159BE95645100416758                  EUR0000000010598730051223ZANDD ENTERPRISES BV      Zichtrekening professioneel        159
21000100002023-00326           1000000001846370101223001010001101201855262787                                      10122315901 0
2200010000                                                                                        PCHQBEBB                   1 0
2300010000BE42679200000054                     KMO Brussel I                                                                 0 1
31000100012023-00326           001010001001KMO Brussel I                                                                     1 0
3200010001Kruidtuinlaan 50, Bus 3402         1000, Brussel                                                                   0 0
21000200002023-00327           0000000001846370101223001500000verkeerde overboeking                                10122315901 0
2200020000                                                                                        JVBABE22                   1 0
2300020000BE17645105243621                     Takacs-Kha Z.-D.                                                              0 1
31000200012023-00327           001500001001Takacs-Kha Z.-D.                                                                  1 0
3200020001Brusselsesteenweg 614              3090 Overijse                                                                   0 0
8159BE95645100416758                  EUR0000000010598730101223                                                                0
9               000012000000001846370000000001846370                                                                           1
0000013122364505                  ZANDD ENTERPRISES BV      JVBABE22   00712627128 00000                                       2
12160BE95645100416758                  EUR0000000010598730101223ZANDD ENTERPRISES BV      Zichtrekening professioneel        160
21000100002023-00328           100000000003354013122300101000003/00009960460301/01/202294525                       13122316001 0
2200010000                                                                                        KREDBEBB                   1 0
2300010000BE75439811100151                     verassfin                                                                     0 1
31000100012023-00328           001010001001verassfin                                                                         1 0
3200010001Henri Dunantlaan 23                1140 EVERE                                                                      0 0
8160BE95645100416758                  EUR0000000010565190131223                                                                0
9               000007000000000033540000000000000000                                                                           1
0000015122364505                  ZANDD ENTERPRISES BV      JVBABE22   00712627128 00000                                       2
12161BE95645100416758                  EUR0000000010565190131223ZANDD ENTERPRISES BV      Zichtrekening professioneel        161
21000100002023-00329           1000000000209000151223004020000670364XXXXXXX2003 15/12/2023 00:02 Communication: DNR15122316101 0
2200010000PBWXFFH                                                                                                            1 0
2300010000                                     NS                                                                            0 1
31000100012023-00329           004020001001NS                                                                                1 0
32000100011012 AB Amsterdam                                                                                                  0 0
8161BE95645100416758                  EUR0000000010356190151223                                                                0
9               000007000000000209000000000000000000                                                                           1
0000017122364505                  ZANDD ENTERPRISES BV      JVBABE22   00712627128 00000                                       2
12162BE95645100416758                  EUR0000000010356190151223ZANDD ENTERPRISES BV      Zichtrekening professioneel        162
21000100002023-00330           1000000000102440171223004020000670364XXXXXXX2003 17/12/2023 20:29 Communication: Uw 17122316201 0
2200010000bestelling bij 123inkt.be                                                                                          1 0
2300010000                                     123inkt BV                                                                    0 1
31000100012023-00330           004020001001123inkt BV                                                                        1 0
32000100019052 GENT                                                                                                          0 0
8162BE95645100416758                  EUR0000000010253750171223                                                                0
9               000007000000000102440000000000000000                                                                           1
0000018122364505                  ZANDD ENTERPRISES BV      JVBABE22   00712627128 00000                                       2
12163BE95645100416758                  EUR0000000010253750171223ZANDD ENTERPRISES BV      Zichtrekening professioneel        163
21000100002023-00331           10000000002976601812230050100003477-2023-1067INV                                    18122316301 0
2200010000                                                     205645-483X74-TMSBEL               INGBNL2A                   1 0
2300010000NL92INGB0006087442                   IWG Belgium BV                                                                0 1
31000100012023-00331           005010001001IWG Belgium BV                                                                    1 0
3200010001Louizalaan 65 bus 11               1050 Brussel BE                                                                 0 0
8163BE95645100416758                  EUR0000000009956090181223                                                                0
9               000007000000000297660000000000000000                                                                           1
0000022122364505                  ZANDD ENTERPRISES BV      JVBABE22   00712627128 00000                                       2
12164BE95645100416758                  EUR0000000009956090181223ZANDD ENTERPRISES BV      Zichtrekening professioneel        164
21000100002023-00332           0000000017505070221223001500000INV.NR.20231130.079.DSAK                             22122316401 0
2200010000                                                     00004957/286 2023-12-22            KREDBEBB           SUPP    1 0
2300010000BE83733052368815                     CRONOS EUROPA NV                                                              0 1
31000100012023-00332           001500001001CRONOS EUROPA NV                                                                  1 0
3200010001KUNSTLAAN            46   B5       1000    BRUSSEL                                                                 0 0
8164BE95645100416758                  EUR0000000027461160221223                                                                0
9               000007000000000000000000000017505070                                                                           1
0000025122364505                  ZANDD ENTERPRISES BV      JVBABE22   00712627128 00000                                       2
12165BE95645100416758                  EUR0000000027461160221223ZANDD ENTERPRISES BV      Zichtrekening professioneel        165
21000100002023-00333           1000000000200000251223004020000670364XXXXXXX2003 24/12/2023 17:51                   25122316501 0
2200010000                                                                                                                   1 0
2300010000                                     Revolut**0681*                                                                0 1
31000100012023-00333           004020001001Revolut**0681*                                                                    1 0
3200010001D02 R296 Dublin                                                                                                    0 0
8165BE95645100416758                  EUR0000000027261160251223                                                                0
9               000007000000000200000000000000000000                                                                           1
0000027122364505                  ZANDD ENTERPRISES BV      JVBABE22   00712627128 00000                                       2
12166BE95645100416758                  EUR0000000027261160251223ZANDD ENTERPRISES BV      Zichtrekening professioneel        166
21000100002023-00334           1000000000241920271223001010001101231521452696                                      27122316601 0
2200010000                                                                                        KREDBEBB                   1 0
2300010000BE71448764648169                     HELAN                                                                         0 1
31000100012023-00334           001010001001HELAN                                                                             1 0
3200010001sluisweg 2 bus 1                   9000 Gent                                                                       0 0
21000200002023-00335           10000000001429402712230010100002023/10997                                           27122316601 0
2200020000                                                                                        RABONL2U                   1 0
2300020000NL59RABO0166907960                   The Waterpurifier                                                             0 1
31000200012023-00335           001010001001The Waterpurifier                                                                 1 0
3200020001Genebroekstraat 82                 B--3581 Beverlo                                                                 0 0
21000300002023-00336           1000000000322060271223001010001101035519457572                                      27122316601 0
2200030000                                                                                        GEBABEBB                   1 0
2300030000BE22210005809847                     Sodexo Pass Belgium sa/nv                                                     0 1
31000300012023-00336           001010001001Sodexo Pass Belgium sa/nv                                                         1 0
3200030001Pleinlaan 15                       1050 Brussel                                                                    0 0
21000400002023-00337           1000000000541680271223001010001101035519457774                                      27122316601 0
2200040000                                                                                        GEBABEBB                   1 0
2300040000BE22210005809847                     Sodexo Pass Belgium sa/nv                                                     0 1
31000400012023-00337           001010001001Sodexo Pass Belgium sa/nv                                                         1 0
3200040001Pleinlaan 15                       1050 Brussel                                                                    0 0
21000500002023-00338           1000000000177000271223001010000Factuurnummer: 2023041                               27122316601 0
2200050000                                                                                        INGBNL2A                   1 0
2300050000NL60INGB0006533539                   RensConsult                                                                   0 1
31000500012023-00338           001010001001RensConsult                                                                       1 0
3200050001Wisselweg 33                       1314CB ALMERE                                                                   0 0
21000600002023-00339           10000000000701802712230010100002023/11346                                           27122316601 0
2200060000                                                                                        RABONL2U                   1 0
2300060000NL59RABO0166907960                   The Waterpurifier                                                             0 1
31000600012023-00339           001010001001The Waterpurifier                                                                 1 0
3200060001Genebroekstraat 82                 B--3581 Beverlo                                                                 0 0
21000700002023-00340           1000000000123360271223001010001101231461614612                                      27122316601 0
2200070000                                                                                        KREDBEBB                   1 0
2300070000BE71448764648169                     HELAN                                                                         0 1
31000700012023-00340           001010001001HELAN                                                                             1 0
3200070001sluisweg 2 bus 1                   9000 Gent                                                                       0 0
21000800002023-00341           1000000000874190271223001010001101523073940953                                      27122316601 0
2200080000                                                                                        KREDBEBB                   1 0
2300080000BE56435410980188                     Liantis sociaal secretariaat vzw                                              0 1
31000800012023-00341           001010001001Liantis sociaal secretariaat vzw                                                  1 0
3200080001Willebroekkaai 37                  1000 Brussel                                                                    0 0
21000900002023-00342           1000000000384440271223001010001101923326203236                                      27122316601 0
2200090000                                                                                        KREDBEBB                   1 0
2300090000BE95435410977158                     Liantis sociaal Secretariaat vzw ve                                           0 1
31000900012023-00342           001010001001Liantis sociaal Secretariaat vzw vennootschapsbijdrage                            0 0
21001000002023-00343           1000000003554910271223001010000Loon 11 - 2023                                       27122316601 0
2200100000                                                                                        JVBABE22                   1 0
2300100000BE17645105243621                     Z.-D. Takacs-Kha                                                              0 1
31001000012023-00343           001010001001Z.-D. Takacs-Kha                                                                  0 0
21001100002023-00344           1000000001400000271223001010000Voorschot Autersrechten 11-2023                      27122316601 0
2200110000                                                                                        JVBABE22                   1 0
2300110000BE17645105243621                     Z.-D. Takacs-Kha                                                              0 1
31001100012023-00344           001010001001Z.-D. Takacs-Kha                                                                  1 0
3200110001LOUIZALAAN 341 341/5D              1050 Brussel (Elsene)                                                           0 0
21001200002023-00345           1000000000220050271223001010000Loon 11- 2023                                        27122316601 0
2200120000                                                                                        KREDBEBB                   1 0
2300120000BE79734071733933                     Zsuzsanna takacs                                                              0 1
31001200012023-00345           001010001001Zsuzsanna takacs                                                                  1 0
3200120001Brusselsesteenweg 614              3090                                                                            0 0
21001300002023-00346           1000000001019800271223005010000SI23/328130                                          27122316601 0
2200130000                                                     SDD-909107-10877905                GEBABEBB                   1 0
2300130000BE42001839300054                     VOLVO                                                                         0 1
31001300012023-00346           005010001001VOLVO                                                                             0 0
8166BE95645100416758                  EUR0000000018188630271223                                                                0
9               000064000000009072530000000000000000                                                                           1
0000028122364505                  ZANDD ENTERPRISES BV      JVBABE22   00712627128 00000                                       2
12167BE95645100416758                  EUR0000000018188630271223ZANDD ENTERPRISES BV      Zichtrekening professioneel        167
21000100002023-00347           1000000004946080281223001010000EXP.31122023.012.DSAK                                28122316701 0
2200010000                                                                                        JVBABE22                   1 0
2300010000BE17645105243621                     Z.-D. Takacs-Kha                                                              0 1
31000100012023-00347           001010001001Z.-D. Takacs-Kha                                                                  1 0
3200010001Brusselsesteenweg 614              3090 Overijse                                                                   0 0
21000200002023-00348           1000000000878580281223001010000EXP.30112023.011.dsak                                28122316701 0
2200020000                                                                                        JVBABE22                   1 0
2300020000BE17645105243621                     Z.-D. Takacs-Kha                                                              0 1
31000200012023-00348           001010001001Z.-D. Takacs-Kha                                                                  1 0
3200020001Brusselsesteenweg 614              3090 Overijse                                                                   0 0
21000300002023-00349           1000000002100630281223001010001101157725548176                                      28122316701 0
2200030000                                                                                        BBRUBEBB                   1 0
2300030000BE09363065981157                     ACB Woluwe                                                                    0 1
31000300012023-00349           001010001001ACB Woluwe                                                                        1 0
3200030001Leuvensesteenweg 430               1930 Zaventem                                                                   0 0
21000400002023-00350           10000000000477502812230050100001031477979334/PAYPAL                                 28122316701 0
2200040000                                                     1031477979334                      PPLXLUL2                   1 0
2300040000LU89751000135104200E                 PayPal Europe S.a.r.l. et Cie S.C.A                                           0 1
31000400012023-00350           005010001001PayPal Europe S.a.r.l. et Cie S.C.A                                               0 0
21000500002023-00351           1000000000330330281223001010000Factuurnummer: 222391                                28122316701 0
2200050000                                                                                        BBRUBEBB                   1 0
2300050000BE86335013434950                     Peumans Bvba                                                                  0 1
31000500012023-00351           001010001001Peumans Bvba                                                                      0 0
21000600002023-00352           1000000000330330281223001010000Factuurnummer: 222762                                28122316701 0
2200060000                                                                                        BBRUBEBB                   1 0
2300060000BE86335013434950                     Peumans Bvba                                                                  0 1
31000600012023-00352           001010001001Peumans Bvba                                                                      0 0
21000700002023-00353           1000000000330330281223001010000Factuurnummer: 222577                                28122316701 0
2200070000                                                                                        BBRUBEBB                   1 0
2300070000BE86335013434950                     Peumans Bvba                                                                  0 1
31000700012023-00353           001010001001Peumans Bvba                                                                      0 0
8167BE95645100416758                  EUR0000000009224600281223                                                                0
9               000033000000008964030000000000000000                                                                           1
0000029122364505                  ZANDD ENTERPRISES BV      JVBABE22   00712627128 00000                                       2
12168BE95645100416758                  EUR0000000009224600281223ZANDD ENTERPRISES BV      Zichtrekening professioneel        168
21000100002023-00354           1000000001800000291223001030000HUUR BRUSSELSESTWG 614 OVERIJSE   OLISLAEGERS VASTGOE29122316801 0
2200010000D NV                                                                                    KREDBEBB                   1 0
2300010000BE35737056463137                     OLISLAEGERS VASTGOED NV                                                       0 1
31000100012023-00354           001030001001OLISLAEGERS VASTGOED NV                                                           0 0
8168BE95645100416758                  EUR0000000007424600291223                                                                0
9               000006000000001800000000000000000000                                                                           1
0000030122364505                  ZANDD ENTERPRISES BV      JVBABE22   00712627128 00000                                       2
12169BE95645100416758                  EUR0000000007424600291223ZANDD ENTERPRISES BV      Zichtrekening professioneel        169
21000100002023-00355           1000000000250000301223004020000670364XXXXXXX2003 29/12/2023 20:53                   30122316901 0
2200010000                                                                                                                   1 0
2300010000                                     Revolut**0681*                                                                0 1
31000100012023-00355           004020001001Revolut**0681*                                                                    1 0
3200010001D02 R296 Dublin                                                                                                    0 0
8169BE95645100416758                  EUR0000000007174600301223                                                                0
9               000007000000000250000000000000000000                                                                           2
