0000001102364505                  ZANDD ENTERPRISES BV      JVBABE22   00712627128 00000                                       2
12131BE95645100416758                  EUR0000000033616540290923ZANDD ENTERPRISES BV      Zichtrekening professioneel        131
21000100002023-00267           1000000000205390011023004020000670364XXXXXXX2003 01/10/2023 21:57 Communication: De 01102313101 0
2200010000Notenshop - Buckaroo                                                                                               1 0
2300010000                                     De Notenshop BV                                                               0 1
31000100012023-00267           004020001001De Notenshop BV                                                                   1 0
32000100013291 CR Strijen                                                                                                    0 0
21000200002023-00268           1000000002437440011023001010001101323898305485                                      01102313101 0
2200020000                                                                                        BBRUBEBB                   1 0
2300020000BE17310001380621                     Partena svz                                                                   0 1
31000200012023-00268           001010001001Partena svz                                                                       1 0
3200020001Kartuizerstraat 45                 1000 Brussel                                                                    0 0
8131BE95645100416758                  EUR0000000030973710011023                                                                0
9               000012000000002642830000000000000000                                                                           1
0000002102364505                  ZANDD ENTERPRISES BV      JVBABE22   00712627128 00000                                       2
12132BE95645100416758                  EUR0000000030973710011023ZANDD ENTERPRISES BV      Zichtrekening professioneel        132
21000100002023-00269           1000000000114350021023001010000F2023/8185                                           02102313201 0
2200010000                                                                                        RABONL2U                   1 0
2300010000NL59RABO0166907960                   The Waterpurifier                                                             0 1
31000100012023-00269           001010001001The Waterpurifier                                                                 1 0
3200010001Genebroekstraat 82                 B--3581 Beverlo                                                                 0 0
21000200002023-00270           1000000000113310021023004020000670364XXXXXXX2003 01/10/2023 23:07 Communication: +++02102313201 0
2200020000230/9540/53624+++                                                                                                  1 0
2300020000                                     Doccle -Helan Onafh ZF                                                        0 1
31000200012023-00270           004020001001Doccle -Helan Onafh ZF                                                            1 0
32000200012610 Wilrijk                                                                                                       0 0
8132BE95645100416758                  EUR0000000030746050021023                                                                0
9               000012000000000227660000000000000000                                                                           2
