0000001032364505                  ZANDD ENTERPRISES BV      JVBABE22   00712627128 00000                                       2
12029BE95645100416758                  EUR0000000012790270280223ZANDD ENTERPRISES BV      Zichtrekening professioneel        029
21000100002023-00071           1000000000086000010323004020000670364XXXXXXX2003 01/03/2023 20:52                   01032302901 0
2200010000                                                                                                                   1 0
2300010000                                     RANGDHANU SRL                                                                 0 1
31000100012023-00071           004020001001RANGDHANU SRL                                                                     1 0
32000100011000 BRUXELLES                                                                                                     0 0
21000200002023-00072           1000000000028400010323004020000670364XXXXXXX2003 01/03/2023 21:17                   01032302901 0
2200020000                                                                                                                   1 0
2300020000                                     TAHA                                                                          0 1
31000200012023-00072           004020001001TAHA                                                                              1 0
32000200011090 JETTE                                                                                                         0 0
8029BE95645100416758                  EUR0000000012675870010323                                                                0
9               000012000000000114400000000000000000                                                                           1
0000002032364505                  ZANDD ENTERPRISES BV      JVBABE22   00712627128 00000                                       2
12030BE95645100416758                  EUR0000000012675870010323ZANDD ENTERPRISES BV      Zichtrekening professioneel        030
21000100002023-00073           1000000000002990020323005010000Amazon EU S.a r.l. by Stripe via PPRO - D01-3565366-702032303001 0
2200010000227857                                               6X0PJVH                            DEUTDEFFVAC            OTHR1 0
2300010000DE14120700700090053464               Amazon EU S.a r.l. by Stripe via PP                                           0 1
31000100012023-00073           005010001001Amazon EU S.a r.l. by Stripe via PPRO                                             0 0
21000200002023-00074           1000000000022400020323004020000670364XXXXXXX2003 02/03/2023 11:33                   02032303001 0
2200020000                                                                                                                   1 0
2300020000                                     FORME FS SOCIETE DES T                                                        0 1
31000200012023-00074           004020001001FORME FS SOCIETE DES T                                                            1 0
32000200011000 Bruxelles                                                                                                     0 0
8030BE95645100416758                  EUR0000000012650480020323                                                                0
9               000011000000000025390000000000000000                                                                           1
0000003032364505                  ZANDD ENTERPRISES BV      JVBABE22   00712627128 00000                                       2
12031BE95645100416758                  EUR0000000012650480020323ZANDD ENTERPRISES BV      Zichtrekening professioneel        031
21000100002023-00075           1000000000499980030323011010000Aank. 3,1108 UNIVERSAL INVEST HI aan 160,72525 EUR   03032303101 0
2200010000Effectenrekening 329862 borderel 134722              569373                                                        0 0
21000200002023-00076           1000000000020000030323004020000670364XXXXXXX2003 03/03/2023 16:25                   03032303101 0
2200020000                                                                                                                   1 0
2300020000                                     NATIONALE LOTERIJ                                                             0 1
31000200012023-00076           004020001001NATIONALE LOTERIJ                                                                 1 0
32000200011040 BRUSSEL                                                                                                       0 0
21000300002023-00077           0000000000020000030323001500000Terugstoring verkeerde opname                        03032303101 0
2200030000                                                                                        JVBABE22                   1 0
2300030000BE17645105243621                     Takacs-Kha Z.-D.                                                              0 1
31000300012023-00077           001500001001Takacs-Kha Z.-D.                                                                  1 0
3200030001LOUIZALAAN 341 341/5D              1050 Brussel (Elsene)                                                           0 0
8031BE95645100416758                  EUR0000000012150500030323                                                                0
9               000014000000000519980000000000020000                                                                           1
0000004032364505                  ZANDD ENTERPRISES BV      JVBABE22   00712627128 00000                                       2
12032BE95645100416758                  EUR0000000012150500030323ZANDD ENTERPRISES BV      Zichtrekening professioneel        032
21000100002023-00078           1000000000114350040323001010000F2023/1361                                           04032303201 0
2200010000                                                                                        GEBABEBB                   1 0
2300010000BE49235021763071                     The Waterpurifier                                                             0 1
31000100012023-00078           001010001001The Waterpurifier                                                                 1 0
3200010001Genebroekstraat 82                 B--3581 Beverlo                                                                 0 0
21000200002023-00079           1000000000015000040323001010000VSMV5223452359                                       04032303201 0
2200020000                                                                                        KREDBEBB                   1 0
2300020000BE02737026917240                     Mobile Vikings NV                                                             0 1
31000200012023-00079           001010001001Mobile Vikings NV                                                                 0 0
8032BE95645100416758                  EUR0000000012021150040323                                                                0
9               000011000000000129350000000000000000                                                                           1
0000006032364505                  ZANDD ENTERPRISES BV      JVBABE22   00712627128 00000                                       2
12033BE95645100416758                  EUR0000000012021150040323ZANDD ENTERPRISES BV      Zichtrekening professioneel        033
21000100002023-00080           1000000000108590060323005010000FAK230543502                                         06032303301 0
2200010000                                                     982158384770                       GKCCBEBB                   1 0
2300010000BE84091010925259                     DE WATERGROEP                                                                 0 1
31000100012023-00080           005010001001DE WATERGROEP                                                                     1 0
3200010001VOORUITGANGSTRAAT                   189                                                                            0 0
8033BE95645100416758                  EUR0000000011912560060323                                                                0
9               000007000000000108590000000000000000                                                                           1
0000008032364505                  ZANDD ENTERPRISES BV      JVBABE22   00712627128 00000                                       2
12034BE95645100416758                  EUR0000000011912560060323ZANDD ENTERPRISES BV      Zichtrekening professioneel        034
21000100002023-00081           1000000000015000080323080470000Factuur 23009630                                     08032303400 0
21000200002023-00082           1000000000079950080323005010000Mandate:119650347/ Creditor ID:DE39ZZZ00000342938/ .C08032303401 0
2200020000leverbridgename./ Ref. No:380555392/ Piriform Softwar281365748                          DEUTDEDK                   1 0
2300020000DE04370700600192144405               cleverbridge GmbH                  e Ltd                                      0 1
31000200012023-00082           005010001001cleverbridge GmbH                                                                 1 0
3200020001Gereonstr. 43-65                   50670 Koln                                                                      0 0
8034BE95645100416758                  EUR0000000011817610080323                                                                0
9               000008000000000094950000000000000000                                                                           1
0000010032364505                  ZANDD ENTERPRISES BV      JVBABE22   00712627128 00000                                       2
12035BE95645100416758                  EUR0000000011817610080323ZANDD ENTERPRISES BV      Zichtrekening professioneel        035
21000100002023-00083           1000000000394170100323004020000670364XXXXXXX2003 10/03/2023 12:10 Communication: Aze10032303501 0
2200010000rty.nl WA000411186 by Multi                                                                                        1 0
2300010000                                     Azerty BV                                                                     0 1
31000100012023-00083           004020001001Azerty BV                                                                         1 0
32000100018102HZ Raalte                                                                                                      0 0
21000200002023-00084           0000000021109060100323001500000INV.NR.20230131.066.DSAK                             10032303501 0
2200020000                                                     00004375/39 2023-03-10             BBRUBEBB           SUPP    1 0
2300020000BE22320006273647                     CRONOS INTERNATIONAL                                                          0 1
31000200012023-00084           001500001001CRONOS INTERNATIONAL                                                              1 0
3200020001RUE PAFEBRUCH 89                   CAPELLEN         8308                                                           0 0
8035BE95645100416758                  EUR0000000032532500100323                                                                0
9               000012000000000394170000000021109060                                                                           1
0000013032364505                  ZANDD ENTERPRISES BV      JVBABE22   00712627128 00000                                       2
12036BE95645100416758                  EUR0000000032532500100323ZANDD ENTERPRISES BV      Zichtrekening professioneel        036
21000100002023-00085           1000000000174060130323004020000670364XXXXXXX2003 13/03/2023 13:05 Communication: 5RC13032303601 0
2200010000DBGX AMAZON.DE                                                                                                     1 0
2300010000                                     Amazon DE                                                                     0 1
31000100012023-00085           004020001001Amazon DE                                                                         1 0
32000100012338 Luxembourg                                                                                                    0 0
8036BE95645100416758                  EUR0000000032358440130323                                                                0
9               000007000000000174060000000000000000                                                                           2
