0000001102464505                  ZANDD ENTERPRISES BV      JVBABE22   00712627128 00000                                       2
12117BE95645100416758                  EUR0000000001189450300924ZANDD ENTERPRISES BV      Zichtrekening professioneel        117
21000100002024-00252           10000000001309200110240050100001037245569828/PAYPAL                                 01102411701 0
2200010000                                                     1037245569828                      PPLXLUL2                   1 0
2300010000LU89751000135104200E                 PayPal Europe S.a.r.l. et Cie S.C.A                                           0 1
31000100012024-00252           005010001001PayPal Europe S.a.r.l. et Cie S.C.A                                               1 0
320001000122-24 Boulevard Royal, 2449 Luxembo                                                                                0 0
21000200002024-00253           10000000004859800110240010100004835-2024-1186INV                                    01102411701 0
2200020000                                                                                        INGBNL2A                   1 0
2300020000NL19INGB0007130245                   Regus Amsterdam BV                                                            0 1
31000200012024-00253           001010001001Regus Amsterdam BV                                                                1 0
3200020001Saturnusstraat 46-62               Hoofddorp                                                                       0 0
21000300002024-00254           1000000000020000011024004020000521477XXXXXX0556 01/10/2024 19:21                    01102411701 0
2200030000                                                                                                                   1 0
2300030000                                     NATIONALE LOTERIJ                                                             0 1
31000300012024-00254           004020001001NATIONALE LOTERIJ                                                                 1 0
32000300011040 BRUSSEL                                                                                                       0 0
8117BE95645100416758                  EUR0000000000552550011024                                                                0
9               000017000000000636900000000000000000                                                                           1
0000003102464505                  ZANDD ENTERPRISES BV      JVBABE22   00712627128 00000                                       2
12118BE95645100416758                  EUR0000000000552550011024ZANDD ENTERPRISES BV      Zichtrekening professioneel        118
21000100002024-00255           1000000000499980031024011010000Aank. 2,5212 UNIVERSAL INVEST HIG aan 198,3107 EUR   03102411801 0
2200010000Effectenrekening 329862 borderel 731143              812265                                                        0 0
8118BE95645100416758                  EUR0000000000052570031024                                                                0
9               000004000000000499980000000000000000                                                                           1
0000004102464505                  ZANDD ENTERPRISES BV      JVBABE22   00712627128 00000                                       2
12119BE95645100416758                  EUR0000000000052570031024ZANDD ENTERPRISES BV      Zichtrekening professioneel        119
21000100002024-00256           0000000003585870041024011500000Verk. 18,3289 UNIVERSAL INVEST HIGH aan 195,64 EUR   04102411901 0
2200010000Effectenrekening 329862 borderel 739083              812777                                                        0 0
21000200002024-00257           10000000002125500410240010100004835-2024-1084INV                                    04102411901 0
2200020000                                                                                        INGBNL2A                   1 0
2300020000NL19INGB0007130245                   Regus Amsterdam BV                                                            0 1
31000200012024-00257           001010001001Regus Amsterdam BV                                                                1 0
3200020001Saturnusstraat 46-62               Hoofddorp                                                                       0 0
21000300002024-00258           1000000000340240041024001010000Factuurnummer: 224786                                04102411901 0
2200030000                                                                                        BBRUBEBB                   1 0
2300030000BE86335013434950                     Peumans Bvba                                                                  0 1
31000300012024-00258           001010001001Peumans Bvba                                                                      0 0
21000400002024-00259           1000000000340240041024001010000Factuurnummer: 225255                                04102411901 0
2200040000                                                                                        BBRUBEBB                   1 0
2300040000BE86335013434950                     Peumans Bvba                                                                  0 1
31000400012024-00259           001010001001Peumans Bvba                                                                      0 0
21000500002024-00260           1000000000340240041024001010000Factuurnummer: 225013                                04102411901 0
2200050000                                                                                        BBRUBEBB                   1 0
2300050000BE86335013434950                     Peumans Bvba                                                                  0 1
31000500012024-00260           001010001001Peumans Bvba                                                                      0 0
21000600002024-00261           1000000001054260041024001010000EXP.31072024.007.DSAK                                04102411901 0
2200060000                                                                                        JVBABE22                   1 0
2300060000BE17645105243621                     Z.-D. Takacs-Kha                                                              0 1
31000600012024-00261           001010001001Z.-D. Takacs-Kha                                                                  1 0
3200060001Brusselsesteenweg 614              3090 Overijse                                                                   0 0
21000700002024-00262           0000000000500000041024001500000Terug Storting RC opname 21-09-2024 a 500,00         04102411901 0
2200070000                                                                                        JVBABE22                   1 0
2300070000BE17645105243621                     Takacs-Kha Z.-D.                                                              0 1
31000700012024-00262           001500001001Takacs-Kha Z.-D.                                                                  1 0
3200070001Brusselsesteenweg 614              3090 Overijse                                                                   0 0
21000800002024-00263           0000000000040000041024001500000Terug Storting RC opname 09-08-2024 a 40,00          04102411901 0
2200080000                                                                                        JVBABE22                   1 0
2300080000BE17645105243621                     Takacs-Kha Z.-D.                                                              0 1
31000800012024-00263           001500001001Takacs-Kha Z.-D.                                                                  1 0
3200080001Brusselsesteenweg 614              3090 Overijse                                                                   0 0
21000900002024-00264           0000000000020000041024001500000Terug Storting RC opname 06-09-2024 a 20,00          04102411901 0
2200090000                                                                                        JVBABE22                   1 0
2300090000BE17645105243621                     Takacs-Kha Z.-D.                                                              0 1
31000900012024-00264           001500001001Takacs-Kha Z.-D.                                                                  1 0
3200090001Brusselsesteenweg 614              3090 Overijse                                                                   0 0
21001000002024-00265           0000000000020000041024001500000Terug Storting RC opname 16-08-2024 a 20,00          04102411901 0
2200100000                                                                                        JVBABE22                   1 0
2300100000BE17645105243621                     Takacs-Kha Z.-D.                                                              0 1
31001000012024-00265           001500001001Takacs-Kha Z.-D.                                                                  1 0
3200100001Brusselsesteenweg 614              3090 Overijse                                                                   0 0
21001100002024-00266           0000000000250000041024001500000Terug Storting RC opname 10-09-2024 a 250,00         04102411901 0
2200110000                                                                                        JVBABE22                   1 0
2300110000BE17645105243621                     Takacs-Kha Z.-D.                                                              0 1
31001100012024-00266           001500001001Takacs-Kha Z.-D.                                                                  1 0
3200110001Brusselsesteenweg 614              3090 Overijse                                                                   0 0
21001200002024-00267           0000000000020000041024001500000Terug Storting RC opname 13-08-2024 a 20,00          04102411901 0
2200120000                                                                                        JVBABE22                   1 0
2300120000BE17645105243621                     Takacs-Kha Z.-D.                                                              0 1
31001200012024-00267           001500001001Takacs-Kha Z.-D.                                                                  1 0
3200120001Brusselsesteenweg 614              3090 Overijse                                                                   0 0
21001300002024-00268           0000000000025000041024001500000Terug Storting RC opname 23-08-2024 a 25,00          04102411901 0
2200130000                                                                                        JVBABE22                   1 0
2300130000BE17645105243621                     Takacs-Kha Z.-D.                                                              0 1
31001300012024-00268           001500001001Takacs-Kha Z.-D.                                                                  1 0
3200130001Brusselsesteenweg 614              3090 Overijse                                                                   0 0
21001400002024-00269           0000000000020000041024001500000Terug Storting RC opname 01-10-2024 a 20,00          04102411901 0
2200140000                                                                                        JVBABE22                   1 0
2300140000BE17645105243621                     Takacs-Kha Z.-D.                                                              0 1
31001400012024-00269           001500001001Takacs-Kha Z.-D.                                                                  1 0
3200140001Brusselsesteenweg 614              3090 Overijse                                                                   0 0
8119BE95645100416758                  EUR0000000002245910041024                                                                0
9               000066000000002287530000000004480870                                                                           2
