0000002012464505                  ZANDD ENTERPRISES BV      JVBABE22   00712627128 00000                                       2
12001BE95645100416758                  EUR0000000007174600301223ZANDD ENTERPRISES BV      Zichtrekening professioneel        001
21000100002024-00001           1000000000024990020124004020000670364XXXXXXX2003 02/01/2024 01:13 Communication: Gan02012400101 0
2200010000di order 113368015                                                                                                 1 0
2300010000                                     GANDI                                                                         0 1
31000100012024-00001           004020001001GANDI                                                                             1 0
32000100018070 BERTRANGE                                                                                                     0 0
8001BE95645100416758                  EUR0000000007149610020124                                                                0
9               000007000000000024990000000000000000                                                                           1
0000003012464505                  ZANDD ENTERPRISES BV      JVBABE22   00712627128 00000                                       2
12002BE95645100416758                  EUR0000000007149610020124ZANDD ENTERPRISES BV      Zichtrekening professioneel        002
21000100002024-00002           1000000000667710030124001010000EXP.31122023.REMNANTS.DSAK                           03012400201 0
2200010000                                                                                        JVBABE22                   1 0
2300010000BE17645105243621                     Z.-D. Takacs-Kha                                                              0 1
31000100012024-00002           001010001001Z.-D. Takacs-Kha                                                                  1 0
3200010001Brusselsesteenweg 614              3090 Overijse                                                                   0 0
21000200002024-00003           0000000000250000030124001500000                                                     03012400201 0
2200020000                                                                                        JVBABE22                   1 0
2300020000BE17645105243621                     Takacs-Kha Z.-D.                                                              0 1
31000200012024-00003           001500001001Takacs-Kha Z.-D.                                                                  1 0
3200020001Brusselsesteenweg 614              3090 Overijse                                                                   0 0
21000300002024-00004           1000000000949750030124001010001101000013225140                                      03012400201 0
2200030000                                                                                        KREDBEBB                   1 0
2300030000BE75439811100151                     verassfin                                                                     0 1
31000300012024-00004           001010001001verassfin                                                                         1 0
3200030001Henri Dunantlaan 23                1140 EVERE                                                                      0 0
21000400002024-00005           1000000000162280030124001010001101911162073436                                      03012400201 0
2200040000                                                                                        BBRUBEBB                   1 0
2300040000BE56320013950488                     Modero                                                                        0 1
31000400012024-00005           001010001001Modero                                                                            0 0
21000500002024-00006           1000000000047880030124004020000670364XXXXXXX2003 03/01/2024 18:18 Communication: Gan03012400201 0
2200050000di order 113459290                                                                                                 1 0
2300050000                                     GANDI                                                                         0 1
31000500012024-00006           004020001001GANDI                                                                             1 0
32000500018070 BERTRANGE                                                                                                     0 0
8002BE95645100416758                  EUR0000000005571990030124                                                                0
9               000026000000001827620000000000250000                                                                           1
0000004012464505                  ZANDD ENTERPRISES BV      JVBABE22   00712627128 00000                                       2
12003BE95645100416758                  EUR0000000005571990030124ZANDD ENTERPRISES BV      Zichtrekening professioneel        003
21000100002024-00007           1000000000499990040124011010000Aank. 2,8276 UNIVERSAL INVEST HI aan 176,82315 EUR   04012400301 0
2200010000Effectenrekening 329862 borderel 015914              692617                                                        0 0
8003BE95645100416758                  EUR0000000005072000040124                                                                0
9               000004000000000499990000000000000000                                                                           1
0000007012464505                  ZANDD ENTERPRISES BV      JVBABE22   00712627128 00000                                       2
12004BE95645100416758                  EUR0000000005072000040124ZANDD ENTERPRISES BV      Zichtrekening professioneel        004
21000100002024-00008           1000000000250000070124004020000670364XXXXXXX2003 06/01/2024 19:51                   07012400401 0
2200010000                                                                                                                   1 0
2300010000                                     Revolut**0681*                                                                0 1
31000100012024-00008           004020001001Revolut**0681*                                                                    1 0
3200010001D02 R296 Dublin                                                                                                    0 0
8004BE95645100416758                  EUR0000000004822000070124                                                                0
9               000007000000000250000000000000000000                                                                           1
0000008012464505                  ZANDD ENTERPRISES BV      JVBABE22   00712627128 00000                                       2
12005BE95645100416758                  EUR0000000004822000070124ZANDD ENTERPRISES BV      Zichtrekening professioneel        005
21000100002024-00009           1000000000030000080124080470000Factuur 23070826                                     08012400500 0
21000200002024-00010           1000000000199500080124004020000670364XXXXXXX2003 08/01/2024 10:34                   08012400501 0
2200020000                                                                                                                   1 0
2300020000                                     KaffeKapslen                                                                  0 1
31000200012024-00010           004020001001KaffeKapslen                                                                      1 0
32000200018361 HASSELAGER                                                                                                    0 0
8005BE95645100416758                  EUR0000000004592500080124                                                                0
9               000008000000000229500000000000000000                                                                           1
0000011012464505                  ZANDD ENTERPRISES BV      JVBABE22   00712627128 00000                                       2
12006BE95645100416758                  EUR0000000004592500080124ZANDD ENTERPRISES BV      Zichtrekening professioneel        006
21000100002024-00011           1000000000250000110124004020000670364XXXXXXX2003 10/01/2024 22:07                   11012400601 0
2200010000                                                                                                                   1 0
2300010000                                     Revolut**0681*                                                                0 1
31000100012024-00011           004020001001Revolut**0681*                                                                    1 0
3200010001D02 R296 Dublin                                                                                                    0 0
8006BE95645100416758                  EUR0000000004342500110124                                                                0
9               000007000000000250000000000000000000                                                                           1
0000016012464505                  ZANDD ENTERPRISES BV      JVBABE22   00712627128 00000                                       2
12007BE95645100416758                  EUR0000000004342500110124ZANDD ENTERPRISES BV      Zichtrekening professioneel        007
21000100002024-00012           10000000000472401601240050100001031917833098/PAYPAL                                 16012400701 0
2200010000                                                     1031917833098                      PPLXLUL2                   1 0
2300010000LU89751000135104200E                 PayPal Europe S.a.r.l. et Cie S.C.A                                           0 1
31000100012024-00012           005010001001PayPal Europe S.a.r.l. et Cie S.C.A                                               0 0
8007BE95645100416758                  EUR0000000004295260160124                                                                0
9               000006000000000047240000000000000000                                                                           1
0000018012464505                  ZANDD ENTERPRISES BV      JVBABE22   00712627128 00000                                       2
12008BE95645100416758                  EUR0000000004295260160124ZANDD ENTERPRISES BV      Zichtrekening professioneel        008
21000100002024-00013           10000000003037101801240050100003477-2023-1153INV                                    18012400801 0
2200010000                                                     210215-485X74-TMSBEL               INGBNL2A                   1 0
2300010000NL92INGB0006087442                   IWG Belgium BV                                                                0 1
31000100012024-00013           005010001001IWG Belgium BV                                                                    1 0
3200010001Louizalaan 65 bus 11               1050 Brussel BE                                                                 0 0
8008BE95645100416758                  EUR0000000003991550180124                                                                0
9               000007000000000303710000000000000000                                                                           1
0000024012464505                  ZANDD ENTERPRISES BV      JVBABE22   00712627128 00000                                       2
12009BE95645100416758                  EUR0000000003991550180124ZANDD ENTERPRISES BV      Zichtrekening professioneel        009
21000100002024-00014           1000000000300000240124001010000611230041150                                         24012400901 0
2200010000                                                                                        STSPAT2G                   1 0
2300010000AT692081524000000406                 Das Land SteierMark                                                           0 1
31000100012024-00014           001010001001Das Land SteierMark                                                               1 0
3200010001Peter-Tunner Strasse 6             8700 LEOBEN                                                                     0 0
8009BE95645100416758                  EUR0000000003691550240124                                                                0
9               000007000000000300000000000000000000                                                                           1
0000026012464505                  ZANDD ENTERPRISES BV      JVBABE22   00712627128 00000                                       2
12010BE95645100416758                  EUR0000000003691550240124ZANDD ENTERPRISES BV      Zichtrekening professioneel        010
21000100002024-00015           0000000013386230260124001500000INV.NR.20231231.080.DSAK                             26012401001 0
2200010000                                                     00004994/212 2024-01-26            KREDBEBB           SUPP    1 0
2300010000BE83733052368815                     CRONOS EUROPA NV                                                              0 1
31000100012024-00015           001500001001CRONOS EUROPA NV                                                                  1 0
3200010001KUNSTLAAN            46   B5       1000    BRUSSEL                                                                 0 0
8010BE95645100416758                  EUR0000000017077780260124                                                                0
9               000007000000000000000000000013386230                                                                           1
0000029012464505                  ZANDD ENTERPRISES BV      JVBABE22   00712627128 00000                                       2
12011BE95645100416758                  EUR0000000017077780260124ZANDD ENTERPRISES BV      Zichtrekening professioneel        011
21000100002024-00016           1000000001019800290124005010000SI24/012914                                          29012401101 0
2200010000                                                     SDD-915912-11153701                GEBABEBB                   1 0
2300010000BE42001839300054                     VOLVO                                                                         0 1
31000100012024-00016           005010001001VOLVO                                                                             0 0
21000200002024-00017           0000000000539010290124004990000670364XXXXXXX2003 29/01/2024 15:34                   29012401101 0
2200020000                                                                                                                   1 0
2300020000                                     WORLDPAY BV                                                                   0 1
31000200012024-00017           004990001001WORLDPAY BV                                                                       1 0
32000200011082 MD AMSTERDAM                                                                                                  0 0
8011BE95645100416758                  EUR0000000016596990290124                                                                0
9               000011000000001019800000000000539010                                                                           1
0000030012464505                  ZANDD ENTERPRISES BV      JVBABE22   00712627128 00000                                       2
12012BE95645100416758                  EUR0000000016596990290124ZANDD ENTERPRISES BV      Zichtrekening professioneel        012
21000100002024-00018           1000000001800000300124001030000HUUR BRUSSELSESTWG 614 OVERIJSE   OLISLAEGERS VASTGOE30012401201 0
2200010000D NV                                                                                    KREDBEBB                   1 0
2300010000BE35737056463137                     OLISLAEGERS VASTGOED NV                                                       0 1
31000100012024-00018           001030001001OLISLAEGERS VASTGOED NV                                                           0 0
21000200002024-00019           0000000000006050300124004990000670364XXXXXXX2003 29/01/2024 23:37                   30012401201 0
2200020000                                                                                                                   1 0
2300020000                                     WORLDPAY BV                                                                   0 1
31000200012024-00019           004990001001WORLDPAY BV                                                                       1 0
32000200011082 MD AMSTERDAM                                                                                                  0 0
8012BE95645100416758                  EUR0000000014803040300124                                                                0
9               000011000000001800000000000000006050                                                                           1
0000031012464505                  ZANDD ENTERPRISES BV      JVBABE22   00712627128 00000                                       2
12013BE95645100416758                  EUR0000000014803040300124ZANDD ENTERPRISES BV      Zichtrekening professioneel        013
21000100002024-00020           1000000000300290310124004020000670364XXXXXXX2003 31/01/2024 21:28                   31012401301 0
2200010000                                                                                                                   1 0
2300010000                                     EDPNET BELGIUM BV                                                             0 1
31000100012024-00020           004020001001EDPNET BELGIUM BV                                                                 1 0
32000100011030 SCHAERBEEK                                                                                                    0 0
8013BE95645100416758                  EUR0000000014502750310124                                                                0
9               000007000000000300290000000000000000                                                                           1
0000001022464505                  ZANDD ENTERPRISES BV      JVBABE22   00712627128 00000                                       2
12014BE95645100416758                  EUR0000000014502750310124ZANDD ENTERPRISES BV      Zichtrekening professioneel        014
21000100002024-00021           1000000000220050010224001010000Loon 01- 2024                                        01022401401 0
2200010000                                                                                        KREDBEBB                   1 0
2300010000BE79734071733933                     Zsuzsanna takacs                                                              0 1
31000100012024-00021           001010001001Zsuzsanna takacs                                                                  1 0
3200010001Brusselsesteenweg 614              3090                                                                            0 0
21000200002024-00022           1000000003554910010224001010000Loon 01 - 2024                                       01022401401 0
2200020000                                                                                        KEYTBEBB                   1 0
2300020000BE94651219346914                     Daniel SA Khan KT                                                             0 1
31000200012024-00022           001010001001Daniel SA Khan KT                                                                 0 0
8014BE95645100416758                  EUR0000000010727790010224                                                                0
9               000011000000003774960000000000000000                                                                           1
0000002022464505                  ZANDD ENTERPRISES BV      JVBABE22   00712627128 00000                                       2
12015BE95645100416758                  EUR0000000010727790010224ZANDD ENTERPRISES BV      Zichtrekening professioneel        015
21000100002024-00023           1000000009279500020224001010001101071262712841                                      02022401501 0
2200010000                                                                                        PCHQBEBB                   1 0
2300010000BE22679200300047                     Btw ontvangsten Brussel                                                       0 1
31000100012024-00023           001010001001Btw ontvangsten Brussel                                                           1 0
3200010001kruidtuinlaan 50 bus3402           1000, brussel                                                                   0 0
21000200002024-00024           1000000000360550020224001010001101035606231550                                      02022401501 0
2200020000                                                                                        GEBABEBB                   1 0
2300020000BE22210005809847                     Sodexo Pass Belgium sa/nv                                                     0 1
31000200012024-00024           001010001001Sodexo Pass Belgium sa/nv                                                         1 0
3200020001Pleinlaan 15                       1050 Brussel                                                                    0 0
8015BE95645100416758                  EUR0000000001087740020224                                                                0
9               000012000000009640050000000000000000                                                                           1
0000005022464505                  ZANDD ENTERPRISES BV      JVBABE22   00712627128 00000                                       2
12016BE95645100416758                  EUR0000000001087740020224ZANDD ENTERPRISES BV      Zichtrekening professioneel        016
21000100002024-00025           1000000000500000050224011010000Aank. 2,7673 UNIVERSAL INVEST HI aan 180,68015 EUR   05022401601 0
2200010000Effectenrekening 329862 borderel 084614              705589                                                        0 0
8016BE95645100416758                  EUR0000000000587740050224                                                                0
9               000004000000000500000000000000000000                                                                           1
0000006022464505                  ZANDD ENTERPRISES BV      JVBABE22   00712627128 00000                                       2
12017BE95645100416758                  EUR0000000000587740050224ZANDD ENTERPRISES BV      Zichtrekening professioneel        017
21000100002024-00026           1000000000050000060224001010000                                                     06022401701 0
2200010000                                                                                        REVOLT21                   1 0
2300010000LT663250062599313989                 Daniel Khan REV                                                               0 1
31000100012024-00026           001010001001Daniel Khan REV                                                                   1 0
3200010001Konstitucijos ave.21B              08130, VILNIUS                                                                  0 0
8017BE95645100416758                  EUR0000000000537740060224                                                                0
9               000007000000000050000000000000000000                                                                           1
0000009022464505                  ZANDD ENTERPRISES BV      JVBABE22   00712627128 00000                                       2
12018BE95645100416758                  EUR0000000000537740060224ZANDD ENTERPRISES BV      Zichtrekening professioneel        018
21000100002024-00027           1000000000150000090224001010000                                                     09022401801 0
2200010000                                                                                        REVOLT21                   1 0
2300010000LT663250062599313989                 Daniel Khan REV                                                               0 1
31000100012024-00027           001010001001Daniel Khan REV                                                                   1 0
3200010001Konstitucijos ave.21B              08130, VILNIUS                                                                  0 0
8018BE95645100416758                  EUR0000000000387740090224                                                                0
9               000007000000000150000000000000000000                                                                           1
0000012022464505                  ZANDD ENTERPRISES BV      JVBABE22   00712627128 00000                                       2
12019BE95645100416758                  EUR0000000000387740090224ZANDD ENTERPRISES BV      Zichtrekening professioneel        019
21000100002024-00028           1000000000197130120224005010000TotalEnergies PG Belgium SA-E232245347-E2400490704   12022401901 0
2200010000                                                     0602455234-223302151493            GEBABEBB                   1 0
2300010000BE38001509424272                     TotalEnergies PG Belgium SA                                                   0 1
31000100012024-00028           005010001001TotalEnergies PG Belgium SA                                                       1 0
3200010001Rue Saint Laurent 54               Liege                                                                           0 0
8019BE95645100416758                  EUR0000000000190610120224                                                                0
9               000007000000000197130000000000000000                                                                           1
0000014022464505                  ZANDD ENTERPRISES BV      JVBABE22   00712627128 00000                                       2
12020BE95645100416758                  EUR0000000000190610120224ZANDD ENTERPRISES BV      Zichtrekening professioneel        020
21000100002024-00029           1000000000064080140224005010000FAK240206132                                         14022402001 0
2200010000                                                     982298120344                       GKCCBEBB                   1 0
2300010000BE84091010925259                     DE WATERGROEP                                                                 0 1
31000100012024-00029           005010001001DE WATERGROEP                                                                     1 0
3200010001VOORUITGANGSTRAAT                   189                                                                            0 0
21000200002024-00030           0000000011607930140224011500000Verk. 63,9661 UNIVERSAL INVEST HIGH aan 181,47 EUR   14022402001 0
2200020000Effectenrekening 329862 borderel 108083              706047                                                        0 0
21000300002024-00031           1000000000197130120224005010000TotalEnergies PG Belgium SA-E232245347-E2400490706   14022402001 0
2200030000                                                     0602455234-223302151495            GEBABEBB                   1 0
2300030000BE38001509424272                     TotalEnergies PG Belgium SA                                                   0 1
31000300012024-00031           005010001001TotalEnergies PG Belgium SA                                                       1 0
3200030001Rue Saint Laurent 54               Liege                                                                           0 0
21000400002024-00032           1000000000197130120224005010000TotalEnergies PG Belgium SA-E232245347-E2400490705   14022402001 0
2200040000                                                     0602455234-223302151494            GEBABEBB                   1 0
2300040000BE38001509424272                     TotalEnergies PG Belgium SA                                                   0 1
31000400012024-00032           005010001001TotalEnergies PG Belgium SA                                                       1 0
3200040001Rue Saint Laurent 54               Liege                                                                           0 0
8020BE95645100416758                  EUR0000000011340200140224                                                                0
9               000019000000000458340000000011607930                                                                           1
0000019022464505                  ZANDD ENTERPRISES BV      JVBABE22   00712627128 00000                                       2
12021BE95645100416758                  EUR0000000011340200140224ZANDD ENTERPRISES BV      Zichtrekening professioneel        021
21000100002024-00033           1000000000197130190224005010000TotalEnergies PG Belgium SA-E232245347-E2400547070   19022402101 0
2200010000                                                     0602455234-221701994687            GEBABEBB                   1 0
2300010000BE38001509424272                     TotalEnergies PG Belgium SA                                                   0 1
31000100012024-00033           005010001001TotalEnergies PG Belgium SA                                                       1 0
3200010001Rue Saint Laurent 54               Liege                                                                           0 0
21000200002024-00034           10000000003037101902240050100003477-2024-97INV                                      19022402101 0
2200020000                                                     213415-487X74-TMSBEL               INGBNL2A                   1 0
2300020000NL92INGB0006087442                   IWG Belgium BV                                                                0 1
31000200012024-00034           005010001001IWG Belgium BV                                                                    1 0
3200020001Louizalaan 65 bus 11               1050 Brussel BE                                                                 0 0
21000300002024-00035           10000000001443701902240010100002024/0351                                            19022402101 0
2200030000                                                                                        RABONL2U                   1 0
2300030000NL59RABO0166907960                   The Waterpurifier                                                             0 1
31000300012024-00035           001010001001The Waterpurifier                                                                 1 0
3200030001Genebroekstraat 82                 B--3581 Beverlo                                                                 0 0
8021BE95645100416758                  EUR0000000010694990190224                                                                0
9               000017000000000645210000000000000000                                                                           1
0000020022464505                  ZANDD ENTERPRISES BV      JVBABE22   00712627128 00000                                       2
12022BE95645100416758                  EUR0000000010694990190224ZANDD ENTERPRISES BV      Zichtrekening professioneel        022
21000100002024-00036           10000000000099002002240050100001032589969427/PAYPAL                                 20022402201 0
2200010000                                                     1032589969427                      PPLXLUL2                   1 0
2300010000LU89751000135104200E                 PayPal Europe S.a.r.l. et Cie S.C.A                                           0 1
31000100012024-00036           005010001001PayPal Europe S.a.r.l. et Cie S.C.A                                               0 0
8022BE95645100416758                  EUR0000000010685090200224                                                                0
9               000006000000000009900000000000000000                                                                           1
0000021022464505                  ZANDD ENTERPRISES BV      JVBABE22   00712627128 00000                                       2
12023BE95645100416758                  EUR0000000010685090200224ZANDD ENTERPRISES BV      Zichtrekening professioneel        023
21000100002024-00037           1000000003527280210224001010000ICS REGUS BEtalingen                                 21022402301 0
2200010000                                                                                        JVBABE22                   1 0
2300010000BE17645105243621                     Z.-D. Takacs-Kha                                                              0 1
31000100012024-00037           001010001001Z.-D. Takacs-Kha                                                                  1 0
3200010001Brusselsesteenweg 614              3090 Overijse                                                                   0 0
8023BE95645100416758                  EUR0000000007157810210224                                                                0
9               000007000000003527280000000000000000                                                                           1
0000027022464505                  ZANDD ENTERPRISES BV      JVBABE22   00712627128 00000                                       2
12024BE95645100416758                  EUR0000000007157810210224ZANDD ENTERPRISES BV      Zichtrekening professioneel        024
21000100002024-00038           1000000001019800270224005010000SI24/044810                                          27022402401 0
2200010000                                                     SDD-922412-11427547                GEBABEBB                   1 0
2300010000BE42001839300054                     VOLVO                                                                         0 1
31000100012024-00038           005010001001VOLVO                                                                             0 0
21000200002024-00039           10000000000399902702240050100001032764080825/PAYPAL                                 27022402401 0
2200020000                                                     1032764080825                      PPLXLUL2                   1 0
2300020000LU89751000135104200E                 PayPal Europe S.a.r.l. et Cie S.C.A                                           0 1
31000200012024-00039           005010001001PayPal Europe S.a.r.l. et Cie S.C.A                                               0 0
8024BE95645100416758                  EUR0000000006098020270224                                                                0
9               000010000000001059790000000000000000                                                                           1
0000028022464505                  ZANDD ENTERPRISES BV      JVBABE22   00712627128 00000                                       2
12025BE95645100416758                  EUR0000000006098020270224ZANDD ENTERPRISES BV      Zichtrekening professioneel        025
21000100002024-00040           0000000000164740280224002500000POLIS 99604603 AFREKENING 2023                       28022402501 0
2200010000                                                     NOTPROVIDED                        KREDBEBB                   1 0
2300010000BE75439811100151                     VERASSFIN BV                                                                  0 1
31000100012024-00040           002500001001VERASSFIN BV                                                                      1 0
3200010001HENRY DUNANTLAAN     23   B0       1140     EVERE                                                                  0 0
8025BE95645100416758                  EUR0000000006262760280224                                                                0
9               000007000000000000000000000000164740                                                                           1
0000029022464505                  ZANDD ENTERPRISES BV      JVBABE22   00712627128 00000                                       2
12026BE95645100416758                  EUR0000000006262760280224ZANDD ENTERPRISES BV      Zichtrekening professioneel        026
21000100002024-00041           1000000001800000290224001030000HUUR BRUSSELSESTWG 614 OVERIJSE   OLISLAEGERS VASTGOE29022402601 0
2200010000D NV                                                                                    KREDBEBB                   1 0
2300010000BE35737056463137                     OLISLAEGERS VASTGOED NV                                                       0 1
31000100012024-00041           001030001001OLISLAEGERS VASTGOED NV                                                           0 0
8026BE95645100416758                  EUR0000000004462760290224                                                                0
9               000006000000001800000000000000000000                                                                           1
0000001032464505                  ZANDD ENTERPRISES BV      JVBABE22   00712627128 00000                                       2
12027BE95645100416758                  EUR0000000004462760290224ZANDD ENTERPRISES BV      Zichtrekening professioneel        027
21000100002024-00042           0000000018019930010324001500000INV.NR.20240131.081.DSAK                             01032402701 0
2200010000                                                     00005029/104 2024-03-01            KREDBEBB           SUPP    1 0
2300010000BE83733052368815                     CRONOS EUROPA NV                                                              0 1
31000100012024-00042           001500001001CRONOS EUROPA NV                                                                  1 0
3200010001KUNSTLAAN            46   B5       1000    BRUSSEL                                                                 0 0
8027BE95645100416758                  EUR0000000022482690010324                                                                0
9               000007000000000000000000000018019930                                                                           1
0000003032464505                  ZANDD ENTERPRISES BV      JVBABE22   00712627128 00000                                       2
12028BE95645100416758                  EUR0000000022482690010324ZANDD ENTERPRISES BV      Zichtrekening professioneel        028
21000100002024-00043           1000000003554910030324001010000Loon 01 - 2024                                       03032402801 0
2200010000                                                                                        KEYTBEBB                   1 0
2300010000BE94651219346914                     Daniel SA Khan KT                                                             0 1
31000100012024-00043           001010001001Daniel SA Khan KT                                                                 0 0
21000200002024-00044           1000000000220050030324001010000Loon 01- 2024                                        03032402801 0
2200020000                                                                                        KREDBEBB                   1 0
2300020000BE79734071733933                     Zsuzsanna takacs                                                              0 1
31000200012024-00044           001010001001Zsuzsanna takacs                                                                  1 0
3200020001Brusselsesteenweg 614              3090                                                                            0 0
21000300002024-00045           1000000014424660030324001010001101202007025250                                      03032402801 0
2200030000                                                                                        PCHQBEBB                   1 0
2300030000BE42679200000054                     KMO Brussel I                                                                 0 1
31000300012024-00045           001010001001KMO Brussel I                                                                     1 0
3200030001Kruidtuinlaan 50, Bus 3402         1000, Brussel                                                                   0 0
21000400002024-00046           10000000001443700303240010100002024/1322                                            03032402801 0
2200040000                                                                                        RABONL2U                   1 0
2300040000NL59RABO0166907960                   The Waterpurifier                                                             0 1
31000400012024-00046           001010001001The Waterpurifier                                                                 1 0
3200040001Genebroekstraat 82                 B--3581 Beverlo                                                                 0 0
21000500002024-00047           1000000000080650030324001010001101200555627586                                      03032402801 0
2200050000                                                                                        BBRUBEBB                   1 0
2300050000BE18363225740965                     EDPNET Belgium BV                                                             0 1
31000500012024-00047           001010001001EDPNET Belgium BV                                                                 0 0
21000600002024-00048           1000000000080520030324001010001101200559368756                                      03032402801 0
2200060000                                                                                        BBRUBEBB                   1 0
2300060000BE18363225740965                     EDPNET Belgium BV                                                             0 1
31000600012024-00048           001010001001EDPNET Belgium BV                                                                 0 0
8028BE95645100416758                  EUR0000000003977530030324                                                                0
9               000029000000018505160000000000000000                                                                           1
0000005032464505                  ZANDD ENTERPRISES BV      JVBABE22   00712627128 00000                                       2
12029BE95645100416758                  EUR0000000003977530030324ZANDD ENTERPRISES BV      Zichtrekening professioneel        029
21000100002024-00049           1000000000499990050324011010000Aank. 2,675 UNIVERSAL INVEST HIG aan 186,91225 EUR   05032402901 0
2200010000Effectenrekening 329862 borderel 153055              718396                                                        0 0
8029BE95645100416758                  EUR0000000003477540050324                                                                0
9               000004000000000499990000000000000000                                                                           1
0000008032464505                  ZANDD ENTERPRISES BV      JVBABE22   00712627128 00000                                       2
12030BE95645100416758                  EUR0000000003477540050324ZANDD ENTERPRISES BV      Zichtrekening professioneel        030
21000100002024-00050           1000000000079950080324005010000Mandate:119650347/ Creditor ID:DE39ZZZ00000342938/ Cl08032403001 0
2200010000everbridge GmbH/ Ref. No:444936810/ Piriform Software309771675                          DEUTDEDK                   1 0
2300010000DE04370700600192144405               cleverbridge GmbH                   Ltd                                       0 1
31000100012024-00050           005010001001cleverbridge GmbH                                                                 1 0
3200010001Gereonstr. 43-65                   50670 Koln                                                                      0 0
21000200002024-00051           1000000001000000080324001010000Tijdelijke opname                                    08032403001 0
2200020000                                                                                        JVBABE22                   1 0
2300020000BE17645105243621                     Z.-D. Takacs-Kha                                                              0 1
31000200012024-00051           001010001001Z.-D. Takacs-Kha                                                                  1 0
3200020001Brusselsesteenweg 614              3090 Overijse                                                                   0 0
8030BE95645100416758                  EUR0000000002397590080324                                                                0
9               000012000000001079950000000000000000                                                                           1
0000011032464505                  ZANDD ENTERPRISES BV      JVBABE22   00712627128 00000                                       2
12031BE95645100416758                  EUR0000000002397590080324ZANDD ENTERPRISES BV      Zichtrekening professioneel        031
21000100002024-00052           1000000000197130110324005010000TotalEnergies PG Belgium SA-E232245347-E2401081496   11032403101 0
2200010000                                                     0602455234-207511577411            GEBABEBB                   1 0
2300010000BE38001509424272                     TotalEnergies PG Belgium SA                                                   0 1
31000100012024-00052           005010001001TotalEnergies PG Belgium SA                                                       1 0
3200010001Rue Saint Laurent 54               Liege                                                                           0 0
8031BE95645100416758                  EUR0000000002200460110324                                                                0
9               000007000000000197130000000000000000                                                                           1
0000018032464505                  ZANDD ENTERPRISES BV      JVBABE22   00712627128 00000                                       2
12032BE95645100416758                  EUR0000000002200460110324ZANDD ENTERPRISES BV      Zichtrekening professioneel        032
21000100002024-00053           10000000003037101803240050100003477-2024-189INV                                     18032403201 0
2200010000                                                     216421-467X74-TMSBEL               INGBNL2A                   1 0
2300010000NL92INGB0006087442                   IWG Belgium BV                                                                0 1
31000100012024-00053           005010001001IWG Belgium BV                                                                    1 0
3200010001Louizalaan 65 bus 11               1050 Brussel BE                                                                 0 0
21000200002024-00054           1000000000339680180324001010001101035697375073                                      18032403201 0
2200020000                                                                                        GEBABEBB                   1 0
2300020000BE22210005809847                     Sodexo Pass Belgium sa/nv                                                     0 1
31000200012024-00054           001010001001Sodexo Pass Belgium sa/nv                                                         1 0
3200020001Pleinlaan 15                       1050 Brussel                                                                    0 0
21000300002024-00055           1000000000286080180324001010000KaffeKapselen                                        18032403201 0
2200030000                                                                                        JVBABE22                   1 0
2300030000BE45645603102989                     Z.-D. Takacs-Kha                                                              0 1
31000300012024-00055           001010001001Z.-D. Takacs-Kha                                                                  1 0
3200030001Brusselsesteenweg 614              3090 Overijse                                                                   0 0
8032BE95645100416758                  EUR0000000001270990180324                                                                0
9               000017000000000929470000000000000000                                                                           1
0000025032464505                  ZANDD ENTERPRISES BV      JVBABE22   00712627128 00000                                       2
12033BE95645100416758                  EUR0000000001270990180324ZANDD ENTERPRISES BV      Zichtrekening professioneel        033
21000100002024-00056           0000000000019750250324001500000YYW1033291108603 PAYPAL                              25032403301 0
2200010000                                                     YYW1033291108603 PAYPAL            DEUTDEFF                   1 0
2300010000DE88500700100175526303               PayPal (Europe) S.a r.l. et Cie, S.                                           0 1
31000100012024-00056           001500001001PayPal (Europe) S.a r.l. et Cie, S.C.A.                                           0 0
21000200002024-00057           0000000020594200250324001500000INV.NR.20240229.082.DSAK                             25032403301 0
2200020000                                                     00005059/318 2024-03-25            KREDBEBB           SUPP    1 0
2300020000BE83733052368815                     CRONOS EUROPA NV                                                              0 1
31000200012024-00057           001500001001CRONOS EUROPA NV                                                                  1 0
3200020001KUNSTLAAN            46   B5       1000    BRUSSEL                                                                 0 0
8033BE95645100416758                  EUR0000000021884940250324                                                                0
9               000011000000000000000000000020613950                                                                           1
0000026032464505                  ZANDD ENTERPRISES BV      JVBABE22   00712627128 00000                                       2
12034BE95645100416758                  EUR0000000021884940250324ZANDD ENTERPRISES BV      Zichtrekening professioneel        034
21000100002024-00058           10000000001137702603240050100001033291067040/PAYPAL                                 26032403401 0
2200010000                                                     1033291067040                      PPLXLUL2                   1 0
2300010000LU89751000135104200E                 PayPal Europe S.a.r.l. et Cie S.C.A                                           0 1
31000100012024-00058           005010001001PayPal Europe S.a.r.l. et Cie S.C.A                                               0 0
8034BE95645100416758                  EUR0000000021771170260324                                                                0
9               000006000000000113770000000000000000                                                                           1
0000027032464505                  ZANDD ENTERPRISES BV      JVBABE22   00712627128 00000                                       2
12035BE95645100416758                  EUR0000000021771170260324ZANDD ENTERPRISES BV      Zichtrekening professioneel        035
21000100002024-00059           1000000001019800270324005010000SI24/076925                                          27032403501 0
2200010000                                                     SDD-929352-11704613                GEBABEBB                   1 0
2300010000BE42001839300054                     VOLVO                                                                         0 1
31000100012024-00059           005010001001VOLVO                                                                             0 0
21000200002024-00060           1000000000402000270324001010000Ticket                                               27032403501 0
2200020000                                                                                        JVBABE22                   1 0
2300020000BE17645105243621                     Z.-D. Takacs-Kha                                                              0 1
31000200012024-00060           001010001001Z.-D. Takacs-Kha                                                                  1 0
3200020001Brusselsesteenweg 614              3090 Overijse                                                                   0 0
8035BE95645100416758                  EUR0000000020349370270324                                                                0
9               000011000000001421800000000000000000                                                                           1
0000028032464505                  ZANDD ENTERPRISES BV      JVBABE22   00712627128 00000                                       2
12036BE95645100416758                  EUR0000000020349370270324ZANDD ENTERPRISES BV      Zichtrekening professioneel        036
21000100002024-00061           1000000001800000280324001030000HUUR BRUSSELSESTWG 614 OVERIJSE   OLISLAEGERS VASTGOE28032403601 0
2200010000D NV                                                                                    KREDBEBB                   1 0
2300010000BE35737056463137                     OLISLAEGERS VASTGOED NV                                                       0 1
31000100012024-00061           001030001001OLISLAEGERS VASTGOED NV                                                           0 0
8036BE95645100416758                  EUR0000000018549370280324                                                                0
9               000006000000001800000000000000000000                                                                           2
