0000001122464505                  ZANDD ENTERPRISES BV      JVBABE22   00712627128 00000                                       2
12152BE95645100416758                  EUR0000000027649050291124ZANDD ENTERPRISES BV      Zichtrekening professioneel        152
21000100002024-00352           1000000000083490011224001010001101052401185911                                      01122415201 0
2200010000                                                                                        GEBABEBB                   1 0
2300010000BE05001743272175                     INTEROFFICES BV                                                               0 1
31000100012024-00352           001010001001INTEROFFICES BV                                                                   1 0
3200010001Kunstlaan, 56                      1000 Brussel                                                                    0 0
21000200002024-00353           1000000000205700011224001010001101024180999048                                      01122415201 0
2200020000                                                                                        GEBABEBB                   1 0
2300020000BE47001900887980                     M J T E C H N I C S                                                           0 1
31000200012024-00353           001010001001M J T E C H N I C S                                                               0 0
21000300002024-00354           10000000001210800112240010100002024/11537                                           01122415201 0
2200030000                                                                                        RABONL2U                   1 0
2300030000NL59RABO0166907960                   The Waterpurifier                                                             0 1
31000300012024-00354           001010001001The Waterpurifier                                                                 1 0
3200030001Genebroekstraat 82                 B--3581 Beverlo                                                                 0 0
8152BE95645100416758                  EUR0000000027238780011224                                                                0
9               000016000000000410270000000000000000                                                                           2
