0000002012464505                  ZANDD ENTERPRISES BV      JVBABE22   00712627128 00000                                       2
12001BE95645100416758                  EUR0000000007174600301223ZANDD ENTERPRISES BV      Zichtrekening professioneel        001
21000100002024-00001           1000000000024990020124004020000670364XXXXXXX2003 02/01/2024 01:13 Communication: Gan02012400101 0
2200010000di order 113368015                                                                                                 1 0
2300010000                                     GANDI                                                                         0 1
31000100012024-00001           004020001001GANDI                                                                             1 0
32000100018070 BERTRANGE                                                                                                     0 0
8001BE95645100416758                  EUR0000000007149610020124                                                                0
9               000007000000000024990000000000000000                                                                           1
0000003012464505                  ZANDD ENTERPRISES BV      JVBABE22   00712627128 00000                                       2
12002BE95645100416758                  EUR0000000007149610020124ZANDD ENTERPRISES BV      Zichtrekening professioneel        002
21000100002024-00002           1000000000667710030124001010000EXP.31122023.REMNANTS.DSAK                           03012400201 0
2200010000                                                                                        JVBABE22                   1 0
2300010000BE17645105243621                     Z.-D. Takacs-Kha                                                              0 1
31000100012024-00002           001010001001Z.-D. Takacs-Kha                                                                  1 0
3200010001Brusselsesteenweg 614              3090 Overijse                                                                   0 0
21000200002024-00003           0000000000250000030124001500000                                                     03012400201 0
2200020000                                                                                        JVBABE22                   1 0
2300020000BE17645105243621                     Takacs-Kha Z.-D.                                                              0 1
31000200012024-00003           001500001001Takacs-Kha Z.-D.                                                                  1 0
3200020001Brusselsesteenweg 614              3090 Overijse                                                                   0 0
8002BE95645100416758                  EUR0000000006731900030124                                                                0
9               000012000000000667710000000000250000                                                                           2
