0000002112464505                  ZANDD ENTERPRISES BV      JVBABE22   00712627128 00000                                       2
12134BE95645100416758                  EUR0000000031699970301024ZANDD ENTERPRISES BV      Zichtrekening professioneel        134
21000100002024-00310           1000000001760520021124001010000Declaraties Oktober 2024 :EXP.31102024.010.DSAK      02112413401 0
2200010000                                                                                        JVBABE22                   1 0
2300010000BE17645105243621                     Z.-D. Takacs-Kha                                                              0 1
31000100012024-00310           001010001001Z.-D. Takacs-Kha                                                                  1 0
3200010001Brusselsesteenweg 614              3090 Overijse                                                                   0 0
21000200002024-00311           1000000004143520021124001010000Salaris Oktober 2024 DSAK                            02112413401 0
2200020000                                                                                        GKCCBEBB                   1 0
2300020000BE40063785246963                     Z Tackacs BELFIUS                                                             0 1
31000200012024-00311           001010001001Z Tackacs BELFIUS                                                                 0 0
21000300002024-00312           1000000000393250021124001010001101924272741764                                      02112413401 0
2200030000                                                                                        BBRUBEBB                   1 0
2300030000BE86335013434950                     Peumans Bvba                                                                  0 1
31000300012024-00312           001010001001Peumans Bvba                                                                      0 0
21000400002024-00313           1000000000025890021124001010000E0400TZFK5                                           02112413401 0
2200040000                                                                                        CITIGB2L                   1 0
2300040000GB31CITI18500812207591               MICROSOFT IRELAND OPERATIONS LIMITE                                           0 1
31000400012024-00313           001010001001MICROSOFT IRELAND OPERATIONS LIMITED                                              1 0
3200040001One Microsoft place                south county business park, leopard                                             0 0
21000500002024-00314           1000000000340240021124001010000Factuurnummer: 225532                                02112413401 0
2200050000                                                                                        BBRUBEBB                   1 0
2300050000BE86335013434950                     Peumans Bvba                                                                  0 1
31000500012024-00314           001010001001Peumans Bvba                                                                      0 0
21000600002024-00315           1000000000083490021124001010001101052401085978                                      02112413401 0
2200060000                                                                                        GEBABEBB                   1 0
2300060000BE05001743272175                     INTEROFFICES BV                                                               0 1
31000600012024-00315           001010001001INTEROFFICES BV                                                                   1 0
3200060001Kunstlaan, 56                      1000 Brussel                                                                    0 0
21000700002024-00316           1000000000900880021124001010001101424009106805                                      02112413401 0
2200070000                                                                                        BBRUBEBB                   1 0
2300070000BE17310001380621                     Partena svz                                                                   0 1
31000700012024-00316           001010001001Partena svz                                                                       1 0
3200070001Kartuizerstraat 45                 1000 Brussel                                                                    0 0
21000800002024-00317           1000000000121080021124001010000 F2024/10756                                         02112413401 0
2200080000                                                                                        RABONL2U                   1 0
2300080000NL59RABO0166907960                   The Waterpurifier                                                             0 1
31000800012024-00317           001010001001The Waterpurifier                                                                 1 0
3200080001Genebroekstraat 82                 B--3581 Beverlo                                                                 0 0
21000900002024-00318           1000000000256590021124001010000Salaris Oktober 2024                                 02112413401 0
2200090000                                                                                        GKCCBEBB                   1 0
2300090000BE40063785246963                     Z Tackacs BELFIUS                                                             0 1
31000900012024-00318           001010001001Z Tackacs BELFIUS                                                                 0 0
21001000002024-00319           0000000000250000021124001500000terug storting 07-10-2024                            02112413401 0
2200100000                                                                                        JVBABE22                   1 0
2300100000BE17645105243621                     Takacs-Kha Z.-D.                                                              0 1
31001000012024-00319           001500001001Takacs-Kha Z.-D.                                                                  1 0
3200100001Brusselsesteenweg 614              3090 Overijse                                                                   0 0
21001100002024-00320           0000000000575240021124001500000terug storting 28-10-2024                            02112413401 0
2200110000                                                                                        JVBABE22                   1 0
2300110000BE17645105243621                     Takacs-Kha Z.-D.                                                              0 1
31001100012024-00320           001500001001Takacs-Kha Z.-D.                                                                  1 0
3200110001Brusselsesteenweg 614              3090 Overijse                                                                   0 0
21001200002024-00321           0000000000500000021124001500000terug storting 19-10-2024                            02112413401 0
2200120000                                                                                        JVBABE22                   1 0
2300120000BE17645105243621                     Takacs-Kha Z.-D.                                                              0 1
31001200012024-00321           001500001001Takacs-Kha Z.-D.                                                                  1 0
3200120001Brusselsesteenweg 614              3090 Overijse                                                                   0 0
21001300002024-00322           0000000000200000021124001500000terug storting 23-10-2024                            02112413401 0
2200130000                                                                                        JVBABE22                   1 0
2300130000BE17645105243621                     Takacs-Kha Z.-D.                                                              0 1
31001300012024-00322           001500001001Takacs-Kha Z.-D.                                                                  1 0
3200130001Brusselsesteenweg 614              3090 Overijse                                                                   0 0
8134BE95645100416758                  EUR0000000025199750021124                                                                0
9               000063000000008025460000000001525240                                                                           1
0000003112464505                  ZANDD ENTERPRISES BV      JVBABE22   00712627128 00000                                       2
12135BE95645100416758                  EUR0000000025199750021124ZANDD ENTERPRISES BV      Zichtrekening professioneel        135
21000100002024-00323           1000000000308850031124004020000521477XXXXXX0556 03/11/2024 19:45                    03112413501 0
2200010000                                                                                                                   1 0
2300010000                                     KaffeKapslen                                                                  0 1
31000100012024-00323           004020001001KaffeKapslen                                                                      1 0
32000100018361 HASSELAGER                                                                                                    0 0
21000200002024-00324           1000000000250000031124001010000RC opname Week 44 2024                               03112413501 0
2200020000                                                                                        JVBABE22                   1 0
2300020000BE17645105243621                     Z.-D. Takacs-Kha                                                              0 1
31000200012024-00324           001010001001Z.-D. Takacs-Kha                                                                  1 0
3200020001Brusselsesteenweg 614              3090 Overijse                                                                   0 0
8135BE95645100416758                  EUR0000000024640900031124                                                                0
9               000012000000000558850000000000000000                                                                           1
0000004112464505                  ZANDD ENTERPRISES BV      JVBABE22   00712627128 00000                                       2
12136BE95645100416758                  EUR0000000024640900031124ZANDD ENTERPRISES BV      Zichtrekening professioneel        136
21000100002024-00325           1000000000700000041124001010000Rc                                                   04112413601 0
2200010000                                                                                        JVBABE22                   1 0
2300010000BE17645105243621                     Z.-D. Takacs-Kha                                                              0 1
31000100012024-00325           001010001001Z.-D. Takacs-Kha                                                                  1 0
3200010001Brusselsesteenweg 614              3090 Overijse                                                                   0 0
8136BE95645100416758                  EUR0000000023940900041124                                                                0
9               000007000000000700000000000000000000                                                                           1
0000007112464505                  ZANDD ENTERPRISES BV      JVBABE22   00712627128 00000                                       2
12137BE95645100416758                  EUR0000000023940900041124ZANDD ENTERPRISES BV      Zichtrekening professioneel        137
21000100002024-00326           1000000006000000071124001010000Rc gellik asbest renovatie                           07112413701 0
2200010000                                                                                        GKCCBEBB                   1 0
2300010000BE40063785246963                     Z Tackacs BELFIUS                                                             0 1
31000100012024-00326           001010001001Z Tackacs BELFIUS                                                                 0 0
21000200002024-00327           0000000000700000071124001500000Terug betaling rc 04-11-2024                         07112413701 0
2200020000                                                                                        JVBABE22                   1 0
2300020000BE17645105243621                     Takacs-Kha Z.-D.                                                              0 1
31000200012024-00327           001500001001Takacs-Kha Z.-D.                                                                  1 0
3200020001Brusselsesteenweg 614              3090 Overijse                                                                   0 0
8137BE95645100416758                  EUR0000000018640900071124                                                                0
9               000011000000006000000000000000700000                                                                           1
0000008112464505                  ZANDD ENTERPRISES BV      JVBABE22   00712627128 00000                                       2
12138BE95645100416758                  EUR0000000018640900071124ZANDD ENTERPRISES BV      Zichtrekening professioneel        138
21000100002024-00328           1000000000015000081124080470000Factuur 24047169                                     08112413800 0
8138BE95645100416758                  EUR0000000018625900081124                                                                0
9               000003000000000015000000000000000000                                                                           1
0000011112464505                  ZANDD ENTERPRISES BV      JVBABE22   00712627128 00000                                       2
12139BE95645100416758                  EUR0000000018625900081124ZANDD ENTERPRISES BV      Zichtrekening professioneel        139
21000100002024-00329           1000000001000000111124001010000RC-Opname Week 45                                    11112413901 0
2200010000                                                                                        JVBABE22                   1 0
2300010000BE17645105243621                     Z.-D. Takacs-Kha                                                              0 1
31000100012024-00329           001010001001Z.-D. Takacs-Kha                                                                  1 0
3200010001Brusselsesteenweg 614              3090 Overijse                                                                   0 0
21000200002024-00330           1000000000898280111124001010001101524986467119                                      11112413901 0
2200020000                                                                                        KREDBEBB                   1 0
2300020000BE56435410980188                     Liantis sociaal secretariaat vzw                                              0 1
31000200012024-00330           001010001001Liantis sociaal secretariaat vzw                                                  1 0
3200020001Willebroekkaai 37                  1000 Brussel                                                                    0 0
8139BE95645100416758                  EUR0000000016727620111124                                                                0
9               000012000000001898280000000000000000                                                                           1
0000012112464505                  ZANDD ENTERPRISES BV      JVBABE22   00712627128 00000                                       2
12140BE95645100416758                  EUR0000000016727620111124ZANDD ENTERPRISES BV      Zichtrekening professioneel        140
21000100002024-00331           0000000000076110121124001500000Geannuleerde factuur 1984294                         12112414001 0
2200010000                                                     C20241112-5685748773-57488350601706RABONL2U                   1 0
2300010000NL79RABO0304514322                   123Accu B.V.                                                                  0 1
31000100012024-00331           001500001001123Accu B.V.                                                                      0 0
8140BE95645100416758                  EUR0000000016803730121124                                                                0
9               000006000000000000000000000000076110                                                                           1
0000013112464505                  ZANDD ENTERPRISES BV      JVBABE22   00712627128 00000                                       2
12141BE95645100416758                  EUR0000000016803730121124ZANDD ENTERPRISES BV      Zichtrekening professioneel        141
21000100002024-00332           1000000000389740131124004020000521477XXXXXX0556 30/10/2024 23:37 Communication: 5UV813112414101 0
2200010000F4I AMAZON PAYMENTS EUROPE                                                                                         1 0
2300010000                                     Amazon Mrktplc                                                                0 1
31000100012024-00332           004020001001Amazon Mrktplc                                                                    1 0
32000100012338 luxembourg                                                                                                    0 0
8141BE95645100416758                  EUR0000000016413990131124                                                                0
9               000007000000000389740000000000000000                                                                           1
0000016112464505                  ZANDD ENTERPRISES BV      JVBABE22   00712627128 00000                                       2
12142BE95645100416758                  EUR0000000016413990131124ZANDD ENTERPRISES BV      Zichtrekening professioneel        142
21000100002024-00333           1000000000011990161124004020000521477XXXXXX0556 15/11/2024 22:55                    16112414201 0
2200010000                                                                                                                   1 0
2300010000                                     UdemyEU                                                                       0 1
31000100012024-00333           004020001001UdemyEU                                                                           1 0
3200010001D02 R296 DUBLIN 2                                                                                                  0 0
8142BE95645100416758                  EUR0000000016402000161124                                                                0
9               000007000000000011990000000000000000                                                                           1
0000018112464505                  ZANDD ENTERPRISES BV      JVBABE22   00712627128 00000                                       2
12143BE95645100416758                  EUR0000000016402000161124ZANDD ENTERPRISES BV      Zichtrekening professioneel        143
21000100002024-00334           10000000001806501811240050100001038237575521/PAYPAL                                 18112414301 0
2200010000                                                     1038237575521                      PPLXLUL2                   1 0
2300010000LU89751000135104200E                 PayPal Europe S.a.r.l. et Cie S.C.A                                           0 1
31000100012024-00334           005010001001PayPal Europe S.a.r.l. et Cie S.C.A                                               1 0
320001000122-24 Boulevard Royal, 2449 Luxembo                                                                                0 0
21000200002024-00335           1000000000930790181124004020000521477XXXXXX0556 18/11/2024 14:40 Communication: Azer18112414301 0
2200020000ty.nl WA001404904 by Multi                                                                                         1 0
2300020000                                     Azerty BV                                                                     0 1
31000200012024-00335           004020001001Azerty BV                                                                         1 0
32000200018102HG Raalte                                                                                                      0 0
8143BE95645100416758                  EUR0000000015290560181124                                                                0
9               000012000000001111440000000000000000                                                                           1
0000019112464505                  ZANDD ENTERPRISES BV      JVBABE22   00712627128 00000                                       2
12144BE95645100416758                  EUR0000000015290560181124ZANDD ENTERPRISES BV      Zichtrekening professioneel        144
21000100002024-00336           10000000000990001911240050100001038256861988/PAYPAL                                 19112414401 0
2200010000                                                     1038256861988                      PPLXLUL2                   1 0
2300010000LU89751000135104200E                 PayPal Europe S.a.r.l. et Cie S.C.A                                           0 1
31000100012024-00336           005010001001PayPal Europe S.a.r.l. et Cie S.C.A                                               1 0
320001000122-24 Boulevard Royal, 2449 Luxembo                                                                                0 0
21000200002024-00337           10000000001528501911240050100001038314679497/PAYPAL                                 19112414401 0
2200020000                                                     1038314679497                      PPLXLUL2                   1 0
2300020000LU89751000135104200E                 PayPal Europe S.a.r.l. et Cie S.C.A                                           0 1
31000200012024-00337           005010001001PayPal Europe S.a.r.l. et Cie S.C.A                                               1 0
320002000122-24 Boulevard Royal, 2449 Luxembo                                                                                0 0
21000300002024-00338           1000000000225070191124005010000TotalEnergies PG Belgium SA-E232245347-E2405887128   19112414401 0
2200030000                                                     0602455234-203511941112            GEBABEBB                   1 0
2300030000BE38001509424272                     TotalEnergies PG Belgium SA                                                   0 1
31000300012024-00338           005010001001TotalEnergies PG Belgium SA                                                       1 0
3200030001Rue Saint Laurent 54               Liege                                                                           0 0
8144BE95645100416758                  EUR0000000014813640191124                                                                0
9               000017000000000476920000000000000000                                                                           1
0000021112464505                  ZANDD ENTERPRISES BV      JVBABE22   00712627128 00000                                       2
12145BE95645100416758                  EUR0000000014813640191124ZANDD ENTERPRISES BV      Zichtrekening professioneel        145
21000100002024-00339           10000000000920502111240050100001038354467208/PAYPAL                                 21112414501 0
2200010000                                                     1038354467208                      PPLXLUL2                   1 0
2300010000LU89751000135104200E                 PayPal Europe S.a.r.l. et Cie S.C.A                                           0 1
31000100012024-00339           005010001001PayPal Europe S.a.r.l. et Cie S.C.A                                               1 0
320001000122-24 Boulevard Royal, 2449 Luxembo                                                                                0 0
8145BE95645100416758                  EUR0000000014721590211124                                                                0
9               000007000000000092050000000000000000                                                                           1
0000022112464505                  ZANDD ENTERPRISES BV      JVBABE22   00712627128 00000                                       2
12146BE95645100416758                  EUR0000000014721590211124ZANDD ENTERPRISES BV      Zichtrekening professioneel        146
21000100002024-00340           1000000000024500221124004020000521477XXXXXX0556 21/11/2024 23:44                    22112414601 0
2200010000                                                                                                                   1 0
2300010000                                     FORME FS SOCIETE DES T                                                        0 1
31000100012024-00340           004020001001FORME FS SOCIETE DES T                                                            1 0
32000100011000 Bruxelles                                                                                                     0 0
8146BE95645100416758                  EUR0000000014697090221124                                                                0
9               000007000000000024500000000000000000                                                                           1
0000024112464505                  ZANDD ENTERPRISES BV      JVBABE22   00712627128 00000                                       2
12147BE95645100416758                  EUR0000000014697090221124ZANDD ENTERPRISES BV      Zichtrekening professioneel        147
21000100002024-00341           1000000000256590241124001010000Salaris November 2024                                24112414701 0
2200010000                                                                                        GKCCBEBB                   1 0
2300010000BE40063785246963                     Z Tackacs BELFIUS                                                             0 1
31000100012024-00341           001010001001Z Tackacs BELFIUS                                                                 0 0
21000200002024-00342           1000000000369210241124001010001101036158217629                                      24112414701 0
2200020000                                                                                        GEBABEBB                   1 0
2300020000BE22210005809847                     Sodexo Pass Belgium sa/nv                                                     0 1
31000200012024-00342           001010001001Sodexo Pass Belgium sa/nv                                                         1 0
3200020001Pleinlaan 15                       1050 Brussel                                                                    0 0
21000300002024-00343           1000000004143520241124001010000Salaris NOvember 2024 DSAK                           24112414701 0
2200030000                                                                                        GKCCBEBB                   1 0
2300030000BE40063785246963                     Z Tackacs BELFIUS                                                             0 1
31000300012024-00343           001010001001Z Tackacs BELFIUS                                                                 0 0
21000400002024-00344           1000000000091960241124001010001101071262712841                                      24112414701 0
2200040000                                                                                        PCHQBEBB                   1 0
2300040000BE22679200300047                     Btw ontvangsten Brussel                                                       0 1
31000400012024-00344           001010001001Btw ontvangsten Brussel                                                           1 0
3200040001kruidtuinlaan 50 bus3402           1000, brussel                                                                   0 0
21000500002024-00345           1000000000350000241124001010000RC-Opname Week 47                                    24112414701 0
2200050000                                                                                        JVBABE22                   1 0
2300050000BE17645105243621                     Z.-D. Takacs-Kha                                                              0 1
31000500012024-00345           001010001001Z.-D. Takacs-Kha                                                                  1 0
3200050001Brusselsesteenweg 614              3090 Overijse                                                                   0 0
8147BE95645100416758                  EUR0000000009485810241124                                                                0
9               000025000000005211280000000000000000                                                                           1
0000026112464505                  ZANDD ENTERPRISES BV      JVBABE22   00712627128 00000                                       2
12148BE95645100416758                  EUR0000000009485810241124ZANDD ENTERPRISES BV      Zichtrekening professioneel        148
21000100002024-00346           0000000021520940261124001500000INV.NR.20241031.092.DSAK                             26112414801 0
2200010000                                                     00005351/237 2024-11-25            KREDBEBB           SUPP    1 0
2300010000BE83733052368815                     CRONOS EUROPA NV                                                              0 1
31000100012024-00346           001500001001CRONOS EUROPA NV                                                                  1 0
3200010001KUNSTLAAN            46   B5       1000    BRUSSEL                                                                 0 0
8148BE95645100416758                  EUR0000000031006750261124                                                                0
9               000007000000000000000000000021520940                                                                           1
0000027112464505                  ZANDD ENTERPRISES BV      JVBABE22   00712627128 00000                                       2
12149BE95645100416758                  EUR0000000031006750261124ZANDD ENTERPRISES BV      Zichtrekening professioneel        149
21000100002024-00347           1000000000178100271124004020000521477XXXXXX0556 27/11/2024 01:13 Communication: Uw b27112414901 0
2200010000estelling bij 123inkt.be                                                                                           1 0
2300010000                                     123inkt.be BV                                                                 0 1
31000100012024-00347           004020001001123inkt.be BV                                                                     1 0
32000100019052 GENT                                                                                                          0 0
21000200002024-00348           1000000001019800271124005010000SI24/338343                                          27112414901 0
2200020000                                                     SDD-982717-13977648                GEBABEBB                   1 0
2300020000BE42001839300054                     VOLVO                                                                         0 1
31000200012024-00348           005010001001VOLVO                                                                             0 0
8149BE95645100416758                  EUR0000000029808850271124                                                                0
9               000011000000001197900000000000000000                                                                           1
0000028112464505                  ZANDD ENTERPRISES BV      JVBABE22   00712627128 00000                                       2
12150BE95645100416758                  EUR0000000029808850271124ZANDD ENTERPRISES BV      Zichtrekening professioneel        150
21000100002024-00349           1000000000280000281124005010000FAK245280053                                         28112415001 0
2200010000                                                     982420161704                       GKCCBEBB                   1 0
2300010000BE84091010925259                     DE WATERGROEP                                                                 0 1
31000100012024-00349           005010001001DE WATERGROEP                                                                     1 0
3200010001VOORUITGANGSTRAAT  189             1030 BRUSSEL                                                                    0 0
8150BE95645100416758                  EUR0000000029528850281124                                                                0
9               000007000000000280000000000000000000                                                                           1
0000029112464505                  ZANDD ENTERPRISES BV      JVBABE22   00712627128 00000                                       2
12151BE95645100416758                  EUR0000000029528850281124ZANDD ENTERPRISES BV      Zichtrekening professioneel        151
21000100002024-00350           1000000000079800291124005010000200589926079                                         29112415101 0
2200010000                                                     301003C23690722.557.14560589       KREDBEBB                   1 0
2300010000BE39734067833119                     EDPNET BELGIUM BV                                                             0 1
31000100012024-00350           005010001001EDPNET BELGIUM BV                                                                 1 0
3200010001Bellestraat 30                     9100 Sint-Niklaas(Oost-Vlaanderen)                                              0 0
21000200002024-00351           1000000001800000291124001030000HUUR BRUSSELSESTWG 614 OVERIJSE   OLISLAEGERS VASTGOE29112415101 0
2200020000D NV                                                                                    KREDBEBB                   1 0
2300020000BE35737056463137                     OLISLAEGERS VASTGOED NV                                                       0 1
31000200012024-00351           001030001001OLISLAEGERS VASTGOED NV                                                           0 0
8151BE95645100416758                  EUR0000000027649050291124                                                                0
9               000011000000001879800000000000000000                                                                           1
0000001122464505                  ZANDD ENTERPRISES BV      JVBABE22   00712627128 00000                                       2
12152BE95645100416758                  EUR0000000027649050291124ZANDD ENTERPRISES BV      Zichtrekening professioneel        152
21000100002024-00352           1000000000083490011224001010001101052401185911                                      01122415201 0
2200010000                                                                                        GEBABEBB                   1 0
2300010000BE05001743272175                     INTEROFFICES BV                                                               0 1
31000100012024-00352           001010001001INTEROFFICES BV                                                                   1 0
3200010001Kunstlaan, 56                      1000 Brussel                                                                    0 0
21000200002024-00353           1000000000205700011224001010001101024180999048                                      01122415201 0
2200020000                                                                                        GEBABEBB                   1 0
2300020000BE47001900887980                     M J T E C H N I C S                                                           0 1
31000200012024-00353           001010001001M J T E C H N I C S                                                               0 0
21000300002024-00354           10000000001210800112240010100002024/11537                                           01122415201 0
2200030000                                                                                        RABONL2U                   1 0
2300030000NL59RABO0166907960                   The Waterpurifier                                                             0 1
31000300012024-00354           001010001001The Waterpurifier                                                                 1 0
3200030001Genebroekstraat 82                 B--3581 Beverlo                                                                 0 0
21000400002024-00355           1000000001349000011224004020000521477XXXXXX0556 01/12/2024 12:50                    01122415201 0
2200040000                                                                                                                   1 0
2300040000                                     WORLDPAY BV                                                                   0 1
31000400012024-00355           004020001001WORLDPAY BV                                                                       1 0
32000400011082 MD AMSTERDAM                                                                                                  0 0
21000500002024-00356           1000000002057110011224001010000EXP.30112024.011.DSAK                                01122415201 0
2200050000                                                                                        JVBABE22                   1 0
2300050000BE17645105243621                     Z.-D. Takacs-Kha                                                              0 1
31000500012024-00356           001010001001Z.-D. Takacs-Kha                                                                  1 0
3200050001Brusselsesteenweg 614              3090 Overijse                                                                   0 0
8152BE95645100416758                  EUR0000000023832670011224                                                                0
9               000026000000003816380000000000000000                                                                           1
0000004122464505                  ZANDD ENTERPRISES BV      JVBABE22   00712627128 00000                                       2
12153BE95645100416758                  EUR0000000023832670011224ZANDD ENTERPRISES BV      Zichtrekening professioneel        153
21000100002024-00357           1000000000024500041224004020000521477XXXXXX0556 04/12/2024 08:11                    04122415301 0
2200010000                                                                                                                   1 0
2300010000                                     FORME FS SOCIETE DES T                                                        0 1
31000100012024-00357           004020001001FORME FS SOCIETE DES T                                                            1 0
32000100011000 Bruxelles                                                                                                     0 0
8153BE95645100416758                  EUR0000000023808170041224                                                                0
9               000007000000000024500000000000000000                                                                           1
0000013122464505                  ZANDD ENTERPRISES BV      JVBABE22   00712627128 00000                                       2
12154BE95645100416758                  EUR0000000023808170041224ZANDD ENTERPRISES BV      Zichtrekening professioneel        154
21000100002024-00358           10000000000388001312240040200000023236880101 12/12/24 19:10 P2P MOBILE ZAWADZKI ZAWA13122415401 0
2200010000DZK                                                  666/4012431601/8                   KREDBEBB                   1 0
2300010000BE55731047556344                     ZAWADZKI ZAWADZK                                                              0 1
31000100012024-00358           004020001001ZAWADZKI ZAWADZK                                                                  1 0
3200010001                                   P2P MOBILE                                                                      0 0
8154BE95645100416758                  EUR0000000023769370131224                                                                0
9               000007000000000038800000000000000000                                                                           1
0000017122464505                  ZANDD ENTERPRISES BV      JVBABE22   00712627128 00000                                       2
12155BE95645100416758                  EUR0000000023769370131224ZANDD ENTERPRISES BV      Zichtrekening professioneel        155
21000100002024-00359           1000000000024500171224004020000521477XXXXXX0556 17/12/2024 07:27                    17122415501 0
2200010000                                                                                                                   1 0
2300010000                                     FORME FS SOCIETE DES T                                                        0 1
31000100012024-00359           004020001001FORME FS SOCIETE DES T                                                            1 0
32000100011000 Bruxelles                                                                                                     0 0
8155BE95645100416758                  EUR0000000023744870171224                                                                0
9               000007000000000024500000000000000000                                                                           1
0000019122464505                  ZANDD ENTERPRISES BV      JVBABE22   00712627128 00000                                       2
12156BE95645100416758                  EUR0000000023744870171224ZANDD ENTERPRISES BV      Zichtrekening professioneel        156
21000100002024-00360           1000000000225070191224005010000TotalEnergies PG Belgium SA-E232245347-E2406472011   19122415601 0
2200010000                                                     0602455234-213013787462            GEBABEBB                   1 0
2300010000BE38001509424272                     TotalEnergies PG Belgium SA                                                   0 1
31000100012024-00360           005010001001TotalEnergies PG Belgium SA                                                       1 0
3200010001Rue Saint Laurent 54               Liege                                                                           0 0
21000200002024-00361           1000000000580940191224004020000521477XXXXXX0556 19/12/2024 12:37                    19122415601 0
2200020000                                                                                                                   1 0
2300020000                                     Dormio Resorts & Hotel                                                        0 1
31000200012024-00361           004020001001Dormio Resorts & Hotel                                                            1 0
32000200016828BP Arnhem                                                                                                      0 0
8156BE95645100416758                  EUR0000000022938860191224                                                                0
9               000012000000000806010000000000000000                                                                           1
0000021122464505                  ZANDD ENTERPRISES BV      JVBABE22   00712627128 00000                                       2
12157BE95645100416758                  EUR0000000022938860191224ZANDD ENTERPRISES BV      Zichtrekening professioneel        157
21000100002024-00362           10000000000360002112240010100001-FON-002-T                                          21122415701 0
2200010000                                                                                        HPBZHR2X                   1 0
2300010000HR8623900013223425499                BANGIT, obrt za informaticke usluge                                           0 1
31000100012024-00362           001010001001BANGIT, obrt za informaticke usluge i trgovinu                                    1 0
3200010001Donji Karin 134                    23452 Donji Karin                                                               0 0
8157BE95645100416758                  EUR0000000022902860211224                                                                0
9               000007000000000036000000000000000000                                                                           1
0000024122464505                  ZANDD ENTERPRISES BV      JVBABE22   00712627128 00000                                       2
12158BE95645100416758                  EUR0000000022902860211224ZANDD ENTERPRISES BV      Zichtrekening professioneel        158
21000100002024-00363           1000000001000000241224001010000                                                     24122415801 0
2200010000                                                                                        JVBABE22                   1 0
2300010000BE17645105243621                     Z.-D. Takacs-Kha                                                              0 1
31000100012024-00363           001010001001Z.-D. Takacs-Kha                                                                  1 0
3200010001Brusselsesteenweg 614              3090 Overijse                                                                   0 0
21000200002024-00364           1000000000573000241224001010000P20241223KHAN775472279                               24122415801 0
2200020000                                                                                        BSPFFRPP                   1 0
2300020000FR7640978000430925079300192          Camping International du Lac Bleu                                             0 1
31000200012024-00364           001010001001Camping International du Lac Bleu                                                 1 0
3200020001ROUTE DE LA PLAGE                   74210 DOUSSARD                                                                 0 0
21000300002024-00365           0000000020388260241224001500000INV.NR.20241130.093.DSAK                             24122415801 0
2200030000                                                     00005388/225 2024-12-24            KREDBEBB           SUPP    1 0
2300030000BE83733052368815                     CRONOS EUROPA NV                                                              0 1
31000300012024-00365           001500001001CRONOS EUROPA NV                                                                  1 0
3200030001KUNSTLAAN            46   B5       1000    BRUSSEL                                                                 0 0
21000400002024-00366           0000000000573000241224001500000terugstorting verkeerde afboeking camping            24122415801 0
2200040000                                                                                        JVBABE22                   1 0
2300040000BE17645105243621                     Takacs-Kha Z.-D.                                                              0 1
31000400012024-00366           001500001001Takacs-Kha Z.-D.                                                                  1 0
3200040001Brusselsesteenweg 614              3090 Overijse                                                                   0 0
8158BE95645100416758                  EUR0000000042291120241224                                                                0
9               000022000000001573000000000020961260                                                                           1
0000027122464505                  ZANDD ENTERPRISES BV      JVBABE22   00712627128 00000                                       2
12159BE95645100416758                  EUR0000000042291120241224ZANDD ENTERPRISES BV      Zichtrekening professioneel        159
21000100002024-00367           1000000000340240271224005010000Factuur 225746                                       27122415901 0
2200010000                                                     Factuur 225746                     GKCCBEBB                   1 0
2300010000BE71068952253269                     VASTACC                                                                       0 1
31000100012024-00367           005010001001VASTACC                                                                           1 0
3200010001KUNSTLAAN   56                     1000 BRUSSEL                                                                    0 0
21000200002024-00368           1000000000080720271224005010000200593870141                                         27122415901 0
2200020000                                                     301003C23728018.588.14781409       KREDBEBB                   1 0
2300020000BE39734067833119                     EDPNET BELGIUM BV                                                             0 1
31000200012024-00368           005010001001EDPNET BELGIUM BV                                                                 1 0
3200020001Bellestraat 30                     9100 Sint-Niklaas(Oost-Vlaanderen)                                              0 0
21000300002024-00369           10000000000503702712240050100001039155257909/PAYPAL                                 27122415901 0
2200030000                                                     1039155257909                      PPLXLUL2                   1 0
2300030000LU89751000135104200E                 PayPal Europe S.a.r.l. et Cie S.C.A                                           0 1
31000300012024-00369           005010001001PayPal Europe S.a.r.l. et Cie S.C.A                                               1 0
320003000122-24 Boulevard Royal, 2449 Luxembo                                                                                0 0
21000400002024-00370           1000000001019800271224005010000SI24/371624                                          27122415901 0
2200040000                                                     SDD-990081-14267169                GEBABEBB                   1 0
2300040000BE42001839300054                     VOLVO                                                                         0 1
31000400012024-00370           005010001001VOLVO                                                                             0 0
21000500002024-00371           10000000012000002712240010100001-FON-002                                            27122415901 0
2200050000                                                                                        HPBZHR2X                   1 0
2300050000HR8623900013223425499                BANGIT, obrt za informaticke usluge                                           0 1
31000500012024-00371           001010001001BANGIT, obrt za informaticke usluge i trgovinu                                    1 0
3200050001Donji Karin 134                    23452 Donji Karin                                                               0 0
21000600002024-00372           1000000000160000271224001010000Kerst Gratificatie DSAK                              27122415901 0
2200060000                                                                                        JVBABE22                   1 0
2300060000BE17645105243621                     Z.-D. Takacs-Kha                                                              0 1
31000600012024-00372           001010001001Z.-D. Takacs-Kha                                                                  1 0
3200060001Brusselsesteenweg 614              3090 Overijse                                                                   0 0
21000700002024-00373           1000000004143520271224001010000Salaris december 2024 DSAK                           27122415901 0
2200070000                                                                                        GKCCBEBB                   1 0
2300070000BE40063785246963                     Z Tackacs BELFIUS                                                             0 1
31000700012024-00373           001010001001Z Tackacs BELFIUS                                                                 0 0
21000800002024-00374           1000000000543700271224001010001101036227569696                                      27122415901 0
2200080000                                                                                        GEBABEBB                   1 0
2300080000BE22210005809847                     Sodexo Pass Belgium sa/nv                                                     0 1
31000800012024-00374           001010001001Sodexo Pass Belgium sa/nv                                                         1 0
3200080001Pleinlaan 15                       1050 Brussel                                                                    0 0
21000900002024-00375           1000000000256590271224001010000Salaris December 2024                                27122415901 0
2200090000                                                                                        GKCCBEBB                   1 0
2300090000BE40063785246963                     Z Tackacs BELFIUS                                                             0 1
31000900012024-00375           001010001001Z Tackacs BELFIUS                                                                 0 0
21001000002024-00376           1000000000160000271224001010000Kerst Gratificatie                                   27122415901 0
2200100000                                                                                        GKCCBEBB                   1 0
2300100000BE40063785246963                     Z Tackacs BELFIUS                                                             0 1
31001000012024-00376           001010001001Z Tackacs BELFIUS                                                                 0 0
21001100002024-00377           1000000000351880271224001010001101036227568585                                      27122415901 0
2200110000                                                                                        GEBABEBB                   1 0
2300110000BE22210005809847                     Sodexo Pass Belgium sa/nv                                                     0 1
31001100012024-00377           001010001001Sodexo Pass Belgium sa/nv                                                         1 0
3200110001Pleinlaan 15                       1050 Brussel                                                                    0 0
8159BE95645100416758                  EUR0000000033984300271224                                                                0
9               000053000000008306820000000000000000                                                                           1
0000028122464505                  ZANDD ENTERPRISES BV      JVBABE22   00712627128 00000                                       2
12160BE95645100416758                  EUR0000000033984300271224ZANDD ENTERPRISES BV      Zichtrekening professioneel        160
21000100002024-00378           1000000000319370281224004020000521477XXXXXX0556 28/12/2024 14:27 Communication: Azer28122416001 0
2200010000ty.nl WA001498489 by Multi                                                                                         1 0
2300010000                                     Azerty BV                                                                     0 1
31000100012024-00378           004020001001Azerty BV                                                                         1 0
32000100018102HG Raalte                                                                                                      0 0
8160BE95645100416758                  EUR0000000033664930281224                                                                0
9               000007000000000319370000000000000000                                                                           1
0000030122464505                  ZANDD ENTERPRISES BV      JVBABE22   00712627128 00000                                       2
12161BE95645100416758                  EUR0000000033664930281224ZANDD ENTERPRISES BV      Zichtrekening professioneel        161
21000100002024-00379           1000000001800000301224001030000HUUR BRUSSELSESTWG 614 OVERIJSE   OLISLAEGERS VASTGOE30122416101 0
2200010000D NV                                                                                    KREDBEBB                   1 0
2300010000BE35737056463137                     OLISLAEGERS VASTGOED NV                                                       0 1
31000100012024-00379           001030001001OLISLAEGERS VASTGOED NV                                                           0 0
21000200002024-00380           1000000000192000301224004020000521477XXXXXX0556 30/12/2024 21:24 Communication: DNRC30122416101 0
2200020000GNRJND                                                                                                             1 0
2300020000                                     NS                                                                            0 1
31000200012024-00380           004020001001NS                                                                                1 0
32000200011012 AB Amsterdam                                                                                                  0 0
8161BE95645100416758                  EUR0000000031672930301224                                                                0
9               000011000000001992000000000000000000                                                                           1
0000031122464505                  ZANDD ENTERPRISES BV      JVBABE22   00712627128 00000                                       2
12162BE95645100416758                  EUR0000000031672930301224ZANDD ENTERPRISES BV      Zichtrekening professioneel        162
21000100002024-00381           1000000000002380311224005010000200594749306                                         31122416201 0
2200010000                                                     301003C23736534.591.14822250       KREDBEBB                   1 0
2300010000BE39734067833119                     EDPNET BELGIUM BV                                                             0 1
31000100012024-00381           005010001001EDPNET BELGIUM BV                                                                 1 0
3200010001Bellestraat 30                     9100 Sint-Niklaas(Oost-Vlaanderen)                                              0 0
21000200002024-00382           1000000007500000311224002010001101071262712841                                      31122416201 0
2200020000                                                                                        PCHQBEBB                   1 0
2300020000BE61679200229117                     Inningscentrum   Dienst voorafbetal                                           0 1
31000200012024-00382           002010001001Inningscentrum   Dienst voorafbetalingen                                          1 0
3200020001Koning Albert II-laan 33           1030 Brussel                                                                    0 0
8162BE95645100416758                  EUR0000000024170550311224                                                                0
9               000012000000007502380000000000000000                                                                           2
