0000002012464505                  ZANDD ENTERPRISES BV      JVBABE22   00712627128 00000                                       2
12001BE95645100416758                  EUR0000000007174600301223ZANDD ENTERPRISES BV      Zichtrekening professioneel        001
21000100002024-00001           1000000000024990020124004020000670364XXXXXXX2003 02/01/2024 01:13 Communication: Gan02012400101 0
2200010000di order 113368015                                                                                                 1 0
2300010000                                     GANDI                                                                         0 1
31000100012024-00001           004020001001GANDI                                                                             1 0
32000100018070 BERTRANGE                                                                                                     0 0
8001BE95645100416758                  EUR0000000007149610020124                                                                0
9               000007000000000024990000000000000000                                                                           1
0000003012464505                  ZANDD ENTERPRISES BV      JVBABE22   00712627128 00000                                       2
12002BE95645100416758                  EUR0000000007149610020124ZANDD ENTERPRISES BV      Zichtrekening professioneel        002
21000100002024-00002           1000000000667710030124001010000EXP.31122023.REMNANTS.DSAK                           03012400201 0
2200010000                                                                                        JVBABE22                   1 0
2300010000BE17645105243621                     Z.-D. Takacs-Kha                                                              0 1
31000100012024-00002           001010001001Z.-D. Takacs-Kha                                                                  1 0
3200010001Brusselsesteenweg 614              3090 Overijse                                                                   0 0
21000200002024-00003           0000000000250000030124001500000                                                     03012400201 0
2200020000                                                                                        JVBABE22                   1 0
2300020000BE17645105243621                     Takacs-Kha Z.-D.                                                              0 1
31000200012024-00003           001500001001Takacs-Kha Z.-D.                                                                  1 0
3200020001Brusselsesteenweg 614              3090 Overijse                                                                   0 0
21000300002024-00004           1000000000949750030124001010001101000013225140                                      03012400201 0
2200030000                                                                                        KREDBEBB                   1 0
2300030000BE75439811100151                     verassfin                                                                     0 1
31000300012024-00004           001010001001verassfin                                                                         1 0
3200030001Henri Dunantlaan 23                1140 EVERE                                                                      0 0
21000400002024-00005           1000000000162280030124001010001101911162073436                                      03012400201 0
2200040000                                                                                        BBRUBEBB                   1 0
2300040000BE56320013950488                     Modero                                                                        0 1
31000400012024-00005           001010001001Modero                                                                            0 0
21000500002024-00006           1000000000047880030124004020000670364XXXXXXX2003 03/01/2024 18:18 Communication: Gan03012400201 0
2200050000di order 113459290                                                                                                 1 0
2300050000                                     GANDI                                                                         0 1
31000500012024-00006           004020001001GANDI                                                                             1 0
32000500018070 BERTRANGE                                                                                                     0 0
8002BE95645100416758                  EUR0000000005571990030124                                                                0
9               000026000000001827620000000000250000                                                                           1
0000004012464505                  ZANDD ENTERPRISES BV      JVBABE22   00712627128 00000                                       2
12003BE95645100416758                  EUR0000000005571990030124ZANDD ENTERPRISES BV      Zichtrekening professioneel        003
21000100002024-00007           1000000000499990040124011010000Aank. 2,8276 UNIVERSAL INVEST HI aan 176,82315 EUR   04012400301 0
2200010000Effectenrekening 329862 borderel 015914              692617                                                        0 0
8003BE95645100416758                  EUR0000000005072000040124                                                                0
9               000004000000000499990000000000000000                                                                           1
0000007012464505                  ZANDD ENTERPRISES BV      JVBABE22   00712627128 00000                                       2
12004BE95645100416758                  EUR0000000005072000040124ZANDD ENTERPRISES BV      Zichtrekening professioneel        004
21000100002024-00008           1000000000250000070124004020000670364XXXXXXX2003 06/01/2024 19:51                   07012400401 0
2200010000                                                                                                                   1 0
2300010000                                     Revolut**0681*                                                                0 1
31000100012024-00008           004020001001Revolut**0681*                                                                    1 0
3200010001D02 R296 Dublin                                                                                                    0 0
8004BE95645100416758                  EUR0000000004822000070124                                                                0
9               000007000000000250000000000000000000                                                                           1
0000008012464505                  ZANDD ENTERPRISES BV      JVBABE22   00712627128 00000                                       2
12005BE95645100416758                  EUR0000000004822000070124ZANDD ENTERPRISES BV      Zichtrekening professioneel        005
21000100002024-00009           1000000000030000080124080470000Factuur 23070826                                     08012400500 0
21000200002024-00010           1000000000199500080124004020000670364XXXXXXX2003 08/01/2024 10:34                   08012400501 0
2200020000                                                                                                                   1 0
2300020000                                     KaffeKapslen                                                                  0 1
31000200012024-00010           004020001001KaffeKapslen                                                                      1 0
32000200018361 HASSELAGER                                                                                                    0 0
8005BE95645100416758                  EUR0000000004592500080124                                                                0
9               000008000000000229500000000000000000                                                                           1
0000011012464505                  ZANDD ENTERPRISES BV      JVBABE22   00712627128 00000                                       2
12006BE95645100416758                  EUR0000000004592500080124ZANDD ENTERPRISES BV      Zichtrekening professioneel        006
21000100002024-00011           1000000000250000110124004020000670364XXXXXXX2003 10/01/2024 22:07                   11012400601 0
2200010000                                                                                                                   1 0
2300010000                                     Revolut**0681*                                                                0 1
31000100012024-00011           004020001001Revolut**0681*                                                                    1 0
3200010001D02 R296 Dublin                                                                                                    0 0
8006BE95645100416758                  EUR0000000004342500110124                                                                0
9               000007000000000250000000000000000000                                                                           1
0000016012464505                  ZANDD ENTERPRISES BV      JVBABE22   00712627128 00000                                       2
12007BE95645100416758                  EUR0000000004342500110124ZANDD ENTERPRISES BV      Zichtrekening professioneel        007
21000100002024-00012           10000000000472401601240050100001031917833098/PAYPAL                                 16012400701 0
2200010000                                                     1031917833098                      PPLXLUL2                   1 0
2300010000LU89751000135104200E                 PayPal Europe S.a.r.l. et Cie S.C.A                                           0 1
31000100012024-00012           005010001001PayPal Europe S.a.r.l. et Cie S.C.A                                               0 0
8007BE95645100416758                  EUR0000000004295260160124                                                                0
9               000006000000000047240000000000000000                                                                           1
0000018012464505                  ZANDD ENTERPRISES BV      JVBABE22   00712627128 00000                                       2
12008BE95645100416758                  EUR0000000004295260160124ZANDD ENTERPRISES BV      Zichtrekening professioneel        008
21000100002024-00013           10000000003037101801240050100003477-2023-1153INV                                    18012400801 0
2200010000                                                     210215-485X74-TMSBEL               INGBNL2A                   1 0
2300010000NL92INGB0006087442                   IWG Belgium BV                                                                0 1
31000100012024-00013           005010001001IWG Belgium BV                                                                    1 0
3200010001Louizalaan 65 bus 11               1050 Brussel BE                                                                 0 0
8008BE95645100416758                  EUR0000000003991550180124                                                                0
9               000007000000000303710000000000000000                                                                           2
