0000002092464505                  ZANDD ENTERPRISES BV      JVBABE22   00712627128 00000                                       2
12101BE95645100416758                  EUR0000000010783260300824ZANDD ENTERPRISES BV      Zichtrekening professioneel        101
21000100002024-00226           1000000000099000020924001010000Betaling telefoon                                    02092410101 0
2200010000                                                                                        JVBABE22                   1 0
2300010000BE17645105243621                     Z.-D. Takacs-Kha                                                              0 1
31000100012024-00226           001010001001Z.-D. Takacs-Kha                                                                  1 0
3200010001Brusselsesteenweg 614              3090 Overijse                                                                   0 0
8101BE95645100416758                  EUR0000000010684260020924                                                                0
9               000007000000000099000000000000000000                                                                           1
0000004092464505                  ZANDD ENTERPRISES BV      JVBABE22   00712627128 00000                                       2
12102BE95645100416758                  EUR0000000010684260020924ZANDD ENTERPRISES BV      Zichtrekening professioneel        102
21000100002024-00227           1000000000499990040924011010000Aank. 2,546 UNIVERSAL INVEST HIGH aan 196,3822 EUR   04092410201 0
2200010000Effectenrekening 329862 borderel 643504              798218                                                        0 0
8102BE95645100416758                  EUR0000000010184270040924                                                                0
9               000004000000000499990000000000000000                                                                           1
0000006092464505                  ZANDD ENTERPRISES BV      JVBABE22   00712627128 00000                                       2
12103BE95645100416758                  EUR0000000010184270040924ZANDD ENTERPRISES BV      Zichtrekening professioneel        103
21000100002024-00228           1000000000020000060924004020000521477XXXXXX0556 06/09/2024 14:11                    06092410301 0
2200010000                                                                                                                   1 0
2300010000                                     NATIONALE LOTERIJ                                                             0 1
31000100012024-00228           004020001001NATIONALE LOTERIJ                                                                 1 0
32000100011040 BRUSSEL                                                                                                       0 0
8103BE95645100416758                  EUR0000000010164270060924                                                                0
9               000007000000000020000000000000000000                                                                           1
0000009092464505                  ZANDD ENTERPRISES BV      JVBABE22   00712627128 00000                                       2
12104BE95645100416758                  EUR0000000010164270060924ZANDD ENTERPRISES BV      Zichtrekening professioneel        104
21000100002024-00229           1000000002195790090924005010000FAK243878906                                         09092410401 0
2200010000                                                     982385660016                       GKCCBEBB                   1 0
2300010000BE84091010925259                     DE WATERGROEP                                                                 0 1
31000100012024-00229           005010001001DE WATERGROEP                                                                     1 0
3200010001VOORUITGANGSTRAAT  189             1030 BRUSSEL                                                                    0 0
21000200002024-00230           1000000000954940090924001010001101324990455868                                      09092410401 0
2200020000                                                                                        BBRUBEBB                   1 0
2300020000BE17310001380621                     Partena svz                                                                   0 1
31000200012024-00230           001010001001Partena svz                                                                       1 0
3200020001Kartuizerstraat 45                 1000 Brussel                                                                    0 0
8104BE95645100416758                  EUR0000000007013540090924                                                                0
9               000012000000003150730000000000000000                                                                           1
0000010092464505                  ZANDD ENTERPRISES BV      JVBABE22   00712627128 00000                                       2
12105BE95645100416758                  EUR0000000007013540090924ZANDD ENTERPRISES BV      Zichtrekening professioneel        105
21000100002024-00231           1000000000241920100924001010001101240916779639                                      10092410501 0
2200010000                                                                                        KREDBEBB                   1 0
2300010000BE71448764648169                     HELAN                                                                         0 1
31000100012024-00231           001010001001HELAN                                                                             1 0
3200010001sluisweg 2 bus 1                   9000 Gent                                                                       0 0
21000200002024-00232           1000000000123360100924001010001101240875995684                                      10092410501 0
2200020000                                                                                        KREDBEBB                   1 0
2300020000BE71448764648169                     HELAN                                                                         0 1
31000200012024-00232           001010001001HELAN                                                                             1 0
3200020001sluisweg 2 bus 1                   9000 Gent                                                                       0 0
21000300002024-00233           1000000000051780100924001010000E0400SWYKF                                           10092410501 0
2200030000                                                                                        CITIGB2L                   1 0
2300030000GB31CITI18500812207591               MICROSOFT IRELAND OPERATIONS LIMITE                                           0 1
31000300012024-00233           001010001001MICROSOFT IRELAND OPERATIONS LIMITED                                              1 0
3200030001One Microsoft place                south county business park, leopard                                             0 0
21000400002024-00234           1000000000053310100924001010000E0400T9KDA                                           10092410501 0
2200040000                                                                                        CITIGB2L                   1 0
2300040000GB31CITI18500812207591               MICROSOFT IRELAND OPERATIONS LIMITE                                           0 1
31000400012024-00234           001010001001MICROSOFT IRELAND OPERATIONS LIMITED                                              1 0
3200040001One Microsoft place                south county business park, leopard                                             0 0
21000500002024-00235           1000000000250000100924001010000Rc                                                   10092410501 0
2200050000                                                                                        JVBABE22                   1 0
2300050000BE17645105243621                     Z.-D. Takacs-Kha                                                              0 1
31000500012024-00235           001010001001Z.-D. Takacs-Kha                                                                  1 0
3200050001Brusselsesteenweg 614              3090 Overijse                                                                   0 0
8105BE95645100416758                  EUR0000000006293170100924                                                                0
9               000027000000000720370000000000000000                                                                           1
0000011092464505                  ZANDD ENTERPRISES BV      JVBABE22   00712627128 00000                                       2
12106BE95645100416758                  EUR0000000006293170100924ZANDD ENTERPRISES BV      Zichtrekening professioneel        106
21000100002024-00236           1000000000657900110924004020000521477XXXXXX0556 11/09/2024 13:38 Communication: 6G8C11092410601 0
2200010000WXF bestelling 32122530574                                                                                         1 0
2300010000                                     Gomibo.be (MobielWerkt                                                        0 1
31000100012024-00236           004020001001Gomibo.be (MobielWerkt                                                            1 0
32000100019712JX Groningen                                                                                                   0 0
8106BE95645100416758                  EUR0000000005635270110924                                                                0
9               000007000000000657900000000000000000                                                                           1
0000012092464505                  ZANDD ENTERPRISES BV      JVBABE22   00712627128 00000                                       2
12107BE95645100416758                  EUR0000000005635270110924ZANDD ENTERPRISES BV      Zichtrekening professioneel        107
21000100002024-00237           1000000000024500120924004020000521477XXXXXX0556 12/09/2024 07:19                    12092410701 0
2200010000                                                                                                                   1 0
2300010000                                     FORME FS SOCIETE DES T                                                        0 1
31000100012024-00237           004020001001FORME FS SOCIETE DES T                                                            1 0
32000100011000 Bruxelles                                                                                                     0 0
8107BE95645100416758                  EUR0000000005610770120924                                                                0
9               000007000000000024500000000000000000                                                                           1
0000016092464505                  ZANDD ENTERPRISES BV      JVBABE22   00712627128 00000                                       2
12108BE95645100416758                  EUR0000000005610770120924ZANDD ENTERPRISES BV      Zichtrekening professioneel        108
21000100002024-00238           1000000000103600160924004020000521477XXXXXX0556 16/09/2024 11:06 Communication: 110916092410801 0
220001000000630567                                                                                                           1 0
2300010000                                     Xerius                                                                        0 1
31000100012024-00238           004020001001Xerius                                                                            1 0
32000100011000 Brussel                                                                                                       0 0
21000200002024-00239           1000000000088600160924004020000521477XXXXXX0556 16/09/2024 19:49 Communication: Uw b16092410801 0
2200020000estelling bij 123inkt.be                                                                                           1 0
2300020000                                     123inkt.be BV                                                                 0 1
31000200012024-00239           004020001001123inkt.be BV                                                                     1 0
32000200019052 GENT                                                                                                          0 0
8108BE95645100416758                  EUR0000000005418570160924                                                                0
9               000012000000000192200000000000000000                                                                           1
0000017092464505                  ZANDD ENTERPRISES BV      JVBABE22   00712627128 00000                                       2
12109BE95645100416758                  EUR0000000005418570160924ZANDD ENTERPRISES BV      Zichtrekening professioneel        109
21000100002024-00240           10000000000490001709240050100001036916957120 PAYPAL                                 17092410901 0
2200010000                                                     1036916957120 PAYPAL               DEUTDEFF                   1 0
2300010000DE88500700100175526303               PayPal (Europe) S.a r.l. et Cie, S.                                           0 1
31000100012024-00240           005010001001PayPal (Europe) S.a r.l. et Cie, S.C.A.                                           0 0
8109BE95645100416758                  EUR0000000005369570170924                                                                0
9               000006000000000049000000000000000000                                                                           1
0000018092464505                  ZANDD ENTERPRISES BV      JVBABE22   00712627128 00000                                       2
12110BE95645100416758                  EUR0000000005369570170924ZANDD ENTERPRISES BV      Zichtrekening professioneel        110
21000100002024-00241           10000000000903401809240050100001036974155371/PAYPAL                                 18092411001 0
2200010000                                                     1036974155371                      PPLXLUL2                   1 0
2300010000LU89751000135104200E                 PayPal Europe S.a.r.l. et Cie S.C.A                                           0 1
31000100012024-00241           005010001001PayPal Europe S.a.r.l. et Cie S.C.A                                               1 0
320001000122-24 Boulevard Royal, 2449 Luxembo                                                                                0 0
8110BE95645100416758                  EUR0000000005279230180924                                                                0
9               000007000000000090340000000000000000                                                                           1
0000019092464505                  ZANDD ENTERPRISES BV      JVBABE22   00712627128 00000                                       2
12111BE95645100416758                  EUR0000000005279230180924ZANDD ENTERPRISES BV      Zichtrekening professioneel        111
21000100002024-00242           1000000000307160190924005010000TotalEnergies PG Belgium SA-E232245347-E2404712978   19092411101 0
2200010000                                                     0602455234-205012520222            GEBABEBB                   1 0
2300010000BE38001509424272                     TotalEnergies PG Belgium SA                                                   0 1
31000100012024-00242           005010001001TotalEnergies PG Belgium SA                                                       1 0
3200010001Rue Saint Laurent 54               Liege                                                                           0 0
8111BE95645100416758                  EUR0000000004972070190924                                                                0
9               000007000000000307160000000000000000                                                                           1
0000021092464505                  ZANDD ENTERPRISES BV      JVBABE22   00712627128 00000                                       2
12112BE95645100416758                  EUR0000000004972070190924ZANDD ENTERPRISES BV      Zichtrekening professioneel        112
21000100002024-00243           1000000000500000210924001010000                                                     21092411201 0
2200010000                                                                                        JVBABE22                   1 0
2300010000BE17645105243621                     Z.-D. Takacs-Kha                                                              0 1
31000100012024-00243           001010001001Z.-D. Takacs-Kha                                                                  1 0
3200010001Brusselsesteenweg 614              3090 Overijse                                                                   0 0
8112BE95645100416758                  EUR0000000004472070210924                                                                0
9               000007000000000500000000000000000000                                                                           2
