0000002052464505                  ZANDD ENTERPRISES BV      JVBABE22   00712627128 00000                                       2
12049BE95645100416758                  EUR0000000004424320300424ZANDD ENTERPRISES BV      Zichtrekening professioneel        049
21000100002024-00096           1000000001200000020524001010000Rc                                                   02052404901 0
2200010000                                                                                        JVBABE22                   1 0
2300010000BE17645105243621                     Z.-D. Takacs-Kha                                                              0 1
31000100012024-00096           001010001001Z.-D. Takacs-Kha                                                                  1 0
3200010001Brusselsesteenweg 614              3090 Overijse                                                                   0 0
8049BE95645100416758                  EUR0000000003224320020524                                                                0
9               000007000000001200000000000000000000                                                                           1
0000006052464505                  ZANDD ENTERPRISES BV      JVBABE22   00712627128 00000                                       2
12050BE95645100416758                  EUR0000000003224320020524ZANDD ENTERPRISES BV      Zichtrekening professioneel        050
21000100002024-00097           1000000000499990060524011010000Aank. 2,6685 UNIVERSAL INVEST HIGH aan 187,369 EUR   06052405001 0
2200010000Effectenrekening 329862 borderel 316729              744580                                                        0 0
8050BE95645100416758                  EUR0000000002724330060524                                                                0
9               000004000000000499990000000000000000                                                                           1
0000010052464505                  ZANDD ENTERPRISES BV      JVBABE22   00712627128 00000                                       2
12051BE95645100416758                  EUR0000000002724330060524ZANDD ENTERPRISES BV      Zichtrekening professioneel        051
21000100002024-00098           1000000000256740100524004020000521477XXXXXX0556 10/05/2024 10:05                    10052405101 0
2200010000                                                                                                                   1 0
2300010000                                     INTERSENTIA                                                                   0 1
31000100012024-00098           004020001001INTERSENTIA                                                                       1 0
32000100011000 BRUSSEL                                                                                                       0 0
8051BE95645100416758                  EUR0000000002467590100524                                                                0
9               000007000000000256740000000000000000                                                                           1
0000012052464505                  ZANDD ENTERPRISES BV      JVBABE22   00712627128 00000                                       2
12052BE95645100416758                  EUR0000000002467590100524ZANDD ENTERPRISES BV      Zichtrekening professioneel        052
21000100002024-00099           1000000000340240120524001010000Factuurnummer: 223992                                12052405201 0
2200010000                                                                                        BBRUBEBB                   1 0
2300010000BE86335013434950                     Peumans Bvba                                                                  0 1
31000100012024-00099           001010001001Peumans Bvba                                                                      0 0
21000200002024-00100           1000000000079820120524001010001101200563286546                                      12052405201 0
2200020000                                                                                        BBRUBEBB                   1 0
2300020000BE18363225740965                     EDPNET Belgium BV                                                             0 1
31000200012024-00100           001010001001EDPNET Belgium BV                                                                 0 0
21000300002024-00101           1000000000144370120524001010000 F2024/3986                                          12052405201 0
2200030000                                                                                        RABONL2U                   1 0
2300030000NL59RABO0166907960                   The Waterpurifier                                                             0 1
31000300012024-00101           001010001001The Waterpurifier                                                                 1 0
3200030001Genebroekstraat 82                 B--3581 Beverlo                                                                 0 0
21000400002024-00102           1000000000014520120524001010000Factuurnummer 1084136                                12052405201 0
2200040000                                                                                        INGBNL2A                   1 0
2300040000NL54INGB0669366560                   Xolphin B.V.                                                                  0 1
31000400012024-00102           001010001001Xolphin B.V.                                                                      1 0
3200040001Rogier van der Weydestraat 2       1817 MJ Alkmaar                                                                 0 0
21000500002024-00103           1000000000898280120524001010001101524238158292                                      12052405201 0
2200050000                                                                                        KREDBEBB                   1 0
2300050000BE56435410980188                     Liantis sociaal secretariaat vzw                                              0 1
31000500012024-00103           001010001001Liantis sociaal secretariaat vzw                                                  1 0
3200050001Willebroekkaai 37                  1000 Brussel                                                                    0 0
21000600002024-00104           1000000000080280120524001010001101200566616979                                      12052405201 0
2200060000                                                                                        BBRUBEBB                   1 0
2300060000BE18363225740965                     EDPNET Belgium BV                                                             0 1
31000600012024-00104           001010001001EDPNET Belgium BV                                                                 0 0
21000700002024-00105           1000000000340240120524001010000Factuurnummer: 223700                                12052405201 0
2200070000                                                                                        BBRUBEBB                   1 0
2300070000BE86335013434950                     Peumans Bvba                                                                  0 1
31000700012024-00105           001010001001Peumans Bvba                                                                      0 0
8052BE95645100416758                  EUR0000000000569840120524                                                                0
9               000033000000001897750000000000000000                                                                           1
0000015052464505                  ZANDD ENTERPRISES BV      JVBABE22   00712627128 00000                                       2
12053BE95645100416758                  EUR0000000000569840120524ZANDD ENTERPRISES BV      Zichtrekening professioneel        053
21000100002024-00106           1000000000351880150524001010001101035803192979                                      15052405301 0
2200010000                                                                                        GEBABEBB                   1 0
2300010000BE22210005809847                     Sodexo Pass Belgium sa/nv                                                     0 1
31000100012024-00106           001010001001Sodexo Pass Belgium sa/nv                                                         1 0
3200010001Pleinlaan 15                       1050 Brussel                                                                    0 0
8053BE95645100416758                  EUR0000000000217960150524                                                                0
9               000007000000000351880000000000000000                                                                           1
0000017052464505                  ZANDD ENTERPRISES BV      JVBABE22   00712627128 00000                                       2
12054BE95645100416758                  EUR0000000000217960150524ZANDD ENTERPRISES BV      Zichtrekening professioneel        054
21000100002024-00107           0000000000005590170524011520000Afrek. kp. 7,9801 UNIVERSAL INVEST HIGH aan 1 EUR    17052405401 0
2200010000Effectenrekening 329862 borderel 074241                                                                            0 0
21000200002024-00108           1000000000005580170524011010000Aank. 0,0296 UNIVERSAL INVEST HIGH aan 188,62 EUR    17052405401 0
2200020000Effectenrekening 329862 borderel 391851                                                                            0 0
8054BE95645100416758                  EUR0000000000217970170524                                                                0
9               000006000000000005580000000000005590                                                                           1
0000021052464505                  ZANDD ENTERPRISES BV      JVBABE22   00712627128 00000                                       2
12055BE95645100416758                  EUR0000000000217970170524ZANDD ENTERPRISES BV      Zichtrekening professioneel        055
21000100002024-00109           1000000000197130210524005010000TotalEnergies PG Belgium SA-E232245347-E2402403275   21052405501 0
2200010000                                                     0602455234-202012282318            GEBABEBB                   1 0
2300010000BE38001509424272                     TotalEnergies PG Belgium SA                                                   0 1
31000100012024-00109           005010001001TotalEnergies PG Belgium SA                                                       1 0
3200010001Rue Saint Laurent 54               Liege                                                                           0 0
8055BE95645100416758                  EUR0000000000020840210524                                                                0
9               000007000000000197130000000000000000                                                                           1
0000027052464505                  ZANDD ENTERPRISES BV      JVBABE22   00712627128 00000                                       2
12056BE95645100416758                  EUR0000000000020840210524ZANDD ENTERPRISES BV      Zichtrekening professioneel        056
21000100002024-00110           0000000021092410270524001500000INV.NR.20240430.086.DSAK, INV.NR.20240430.085.DSAK   27052405601 0
2200010000                                                     00005132/194 2024-05-27            KREDBEBB           SUPP    1 0
2300010000BE83733052368815                     CRONOS EUROPA NV                                                              0 1
31000100012024-00110           001500001001CRONOS EUROPA NV                                                                  1 0
3200010001KUNSTLAAN            46   B5       1000    BRUSSEL                                                                 0 0
21000200002024-00111           1000000001019800270524005010000SI24/140964                                          27052405601 0
2200020000                                                     SDD-942768-12263160                GEBABEBB                   1 0
2300020000BE42001839300054                     VOLVO                                                                         0 1
31000200012024-00111           005010001001VOLVO                                                                             0 0
8056BE95645100416758                  EUR0000000020093450270524                                                                0
9               000011000000001019800000000021092410                                                                           1
0000028052464505                  ZANDD ENTERPRISES BV      JVBABE22   00712627128 00000                                       2
12057BE95645100416758                  EUR0000000020093450270524ZANDD ENTERPRISES BV      Zichtrekening professioneel        057
21000100002024-00112           1000000000361580280524004020000521477XXXXXX0556 28/05/2024 11:12 Communication: Azer28052405701 0
2200010000ty.nl WA001134839 by Multi                                                                                         1 0
2300010000                                     Azerty BV                                                                     0 1
31000100012024-00112           004020001001Azerty BV                                                                         1 0
32000100018102HZ Raalte                                                                                                      0 0
21000200002024-00113           1000000000131960280524001010001101052400442849                                      28052405701 0
2200020000                                                                                        GEBABEBB                   1 0
2300020000BE05001743272175                     INTEROFFICES BV                                                               0 1
31000200012024-00113           001010001001INTEROFFICES BV                                                                   1 0
3200020001Kunstlaan, 56                      1000 Brussel                                                                    0 0
21000300002024-00114           1000000000083490280524001010001101052400457704                                      28052405701 0
2200030000                                                                                        GEBABEBB                   1 0
2300030000BE05001743272175                     INTEROFFICES BV                                                               0 1
31000300012024-00114           001010001001INTEROFFICES BV                                                                   1 0
3200030001Kunstlaan, 56                      1000 Brussel                                                                    0 0
21000400002024-00115           1000000000138000280524001010001101052400442748                                      28052405701 0
2200040000                                                                                        GEBABEBB                   1 0
2300040000BE05001743272175                     INTEROFFICES BV                                                               0 1
31000400012024-00115           001010001001INTEROFFICES BV                                                                   1 0
3200040001Kunstlaan, 56                      1000 Brussel                                                                    0 0
21000500002024-00116           1000000000355410280524001010001101035822785363                                      28052405701 0
2200050000                                                                                        GEBABEBB                   1 0
2300050000BE22210005809847                     Sodexo Pass Belgium sa/nv                                                     0 1
31000500012024-00116           001010001001Sodexo Pass Belgium sa/nv                                                         1 0
3200050001Pleinlaan 15                       1050 Brussel                                                                    0 0
21000600002024-00117           1000000000220050280524001010000Loon 05- 2024                                        28052405701 0
2200060000                                                                                        KREDBEBB                   1 0
2300060000BE79734071733933                     Zsuzsanna takacs                                                              0 1
31000600012024-00117           001010001001Zsuzsanna takacs                                                                  1 0
3200060001Brusselsesteenweg 614              3090                                                                            0 0
21000700002024-00118           1000000003554910280524001010000Loon 05- 2024                                        28052405701 0
2200070000                                                                                        KEYTBEBB                   1 0
2300070000BE94651219346914                     Daniel SA Khan KT                                                             0 1
31000700012024-00118           001010001001Daniel SA Khan KT                                                                 0 0
8057BE95645100416758                  EUR0000000015248050280524                                                                0
9               000036000000004845400000000000000000                                                                           1
0000029052464505                  ZANDD ENTERPRISES BV      JVBABE22   00712627128 00000                                       2
12058BE95645100416758                  EUR0000000015248050280524ZANDD ENTERPRISES BV      Zichtrekening professioneel        058
21000100002024-00119           1000000000064080290524005010000FAK242022352                                         29052405801 0
2200010000                                                     982338736870                       GKCCBEBB                   1 0
2300010000BE84091010925259                     DE WATERGROEP                                                                 0 1
31000100012024-00119           005010001001DE WATERGROEP                                                                     1 0
3200010001VOORUITGANGSTRAAT  189             1030 BRUSSEL                                                                    0 0
8058BE95645100416758                  EUR0000000015183970290524                                                                0
9               000007000000000064080000000000000000                                                                           1
0000030052464505                  ZANDD ENTERPRISES BV      JVBABE22   00712627128 00000                                       2
12059BE95645100416758                  EUR0000000015183970290524ZANDD ENTERPRISES BV      Zichtrekening professioneel        059
21000100002024-00120           1000000001800000300524001030000HUUR BRUSSELSESTWG 614 OVERIJSE   OLISLAEGERS VASTGOE30052405901 0
2200010000D NV                                                                                    KREDBEBB                   1 0
2300010000BE35737056463137                     OLISLAEGERS VASTGOED NV                                                       0 1
31000100012024-00120           001030001001OLISLAEGERS VASTGOED NV                                                           0 0
21000200002024-00121           1000000000022400300524004020000521477XXXXXX0556 30/05/2024 09:04                    30052405901 0
2200020000                                                                                                                   1 0
2300020000                                     FORME FS SOCIETE DES T                                                        0 1
31000200012024-00121           004020001001FORME FS SOCIETE DES T                                                            1 0
32000200011000 Bruxelles                                                                                                     0 0
8059BE95645100416758                  EUR0000000013361570300524                                                                0
9               000011000000001822400000000000000000                                                                           1
0000003062464505                  ZANDD ENTERPRISES BV      JVBABE22   00712627128 00000                                       2
12060BE95645100416758                  EUR0000000013361570300524ZANDD ENTERPRISES BV      Zichtrekening professioneel        060
21000100002024-00122           10000000000961500306240050100001034724595780/PAYPAL                                 03062406001 0
2200010000                                                     1034724595780                      PPLXLUL2                   1 0
2300010000LU89751000135104200E                 PayPal Europe S.a.r.l. et Cie S.C.A                                           0 1
31000100012024-00122           005010001001PayPal Europe S.a.r.l. et Cie S.C.A                                               1 0
320001000122-24 Boulevard Royal, 2449 Luxembo                                                                                0 0
8060BE95645100416758                  EUR0000000013265420030624                                                                0
9               000007000000000096150000000000000000                                                                           1
0000005062464505                  ZANDD ENTERPRISES BV      JVBABE22   00712627128 00000                                       2
12061BE95645100416758                  EUR0000000013265420030624ZANDD ENTERPRISES BV      Zichtrekening professioneel        061
21000100002024-00123           1000000000082500050624005010000c't magazine nr 337574 Dhr. D. Khan                  05062406101 0
2200010000                                                     7001002405066400                   ABNANL2A                   1 0
2300010000NL64ABNA0832612197                   F L MEDIA BV                                                                  0 1
31000100012024-00123           005010001001F L MEDIA BV                                                                      0 0
21000200002024-00124           1000000000500000050624011010000Aank. 2,6299 UNIVERSAL INVEST HI aan 190,11965 EUR   05062406101 0
2200020000Effectenrekening 329862 borderel 442758              757880                                                        0 0
8061BE95645100416758                  EUR0000000012682920050624                                                                0
9               000008000000000582500000000000000000                                                                           1
0000008062464505                  ZANDD ENTERPRISES BV      JVBABE22   00712627128 00000                                       2
12062BE95645100416758                  EUR0000000012682920050624ZANDD ENTERPRISES BV      Zichtrekening professioneel        062
21000100002024-00125           1000000000250000080624001010000                                                     08062406201 0
2200010000                                                                                        JVBABE22                   1 0
2300010000BE17645105243621                     Z.-D. Takacs-Kha                                                              0 1
31000100012024-00125           001010001001Z.-D. Takacs-Kha                                                                  1 0
3200010001Brusselsesteenweg 614              3090 Overijse                                                                   0 0
8062BE95645100416758                  EUR0000000012432920080624                                                                0
9               000007000000000250000000000000000000                                                                           1
0000010062464505                  ZANDD ENTERPRISES BV      JVBABE22   00712627128 00000                                       2
12063BE95645100416758                  EUR0000000012432920080624ZANDD ENTERPRISES BV      Zichtrekening professioneel        063
21000100002024-00126           1000000000100000100624001010000                                                     10062406301 0
2200010000                                                                                        JVBABE22                   1 0
2300010000BE17645105243621                     Z.-D. Takacs-Kha                                                              0 1
31000100012024-00126           001010001001Z.-D. Takacs-Kha                                                                  1 0
3200010001Brusselsesteenweg 614              3090 Overijse                                                                   0 0
8063BE95645100416758                  EUR0000000012332920100624                                                                0
9               000007000000000100000000000000000000                                                                           1
0000011062464505                  ZANDD ENTERPRISES BV      JVBABE22   00712627128 00000                                       2
12064BE95645100416758                  EUR0000000012332920100624ZANDD ENTERPRISES BV      Zichtrekening professioneel        064
21000100002024-00127           10000000000991701106240050100001034927263203/PAYPAL                                 11062406401 0
2200010000                                                     1034927263203                      PPLXLUL2                   1 0
2300010000LU89751000135104200E                 PayPal Europe S.a.r.l. et Cie S.C.A                                           0 1
31000100012024-00127           005010001001PayPal Europe S.a.r.l. et Cie S.C.A                                               1 0
320001000122-24 Boulevard Royal, 2449 Luxembo                                                                                0 0
8064BE95645100416758                  EUR0000000012233750110624                                                                0
9               000007000000000099170000000000000000                                                                           1
0000013062464505                  ZANDD ENTERPRISES BV      JVBABE22   00712627128 00000                                       2
12065BE95645100416758                  EUR0000000012233750110624ZANDD ENTERPRISES BV      Zichtrekening professioneel        065
21000100002024-00128           1000000000100000130624001010000                                                     13062406501 0
2200010000                                                                                        JVBABE22                   1 0
2300010000BE17645105243621                     Z.-D. Takacs-Kha                                                              0 1
31000100012024-00128           001010001001Z.-D. Takacs-Kha                                                                  1 0
3200010001Brusselsesteenweg 614              3090 Overijse                                                                   0 0
8065BE95645100416758                  EUR0000000012133750130624                                                                0
9               000007000000000100000000000000000000                                                                           1
0000014062464505                  ZANDD ENTERPRISES BV      JVBABE22   00712627128 00000                                       2
12066BE95645100416758                  EUR0000000012133750130624ZANDD ENTERPRISES BV      Zichtrekening professioneel        066
21000100002024-00129           10000000001000001406240040200000023236880101 13/06/24 15:00 P2P MOBILE Takacs Zsuzsa14062406601 0
2200010000nna                                                  666/4106228009/8                   GKCCBEBB                   1 0
2300010000BE40063785246963                     Takacs Zsuzsanna                                                              0 1
31000100012024-00129           004020001001Takacs Zsuzsanna                                                                  1 0
3200010001                                   P2P MOBILE                                                                      0 0
8066BE95645100416758                  EUR0000000012033750140624                                                                0
9               000007000000000100000000000000000000                                                                           1
0000016062464505                  ZANDD ENTERPRISES BV      JVBABE22   00712627128 00000                                       2
12067BE95645100416758                  EUR0000000012033750140624ZANDD ENTERPRISES BV      Zichtrekening professioneel        067
21000100002024-00130           1000000000173790160624004020000521477XXXXXX0556 16/06/2024 09:28                    16062406701 0
2200010000                                                                                                                   1 0
2300010000                                     Drankdozijn                                                                   0 1
31000100012024-00130           004020001001Drankdozijn                                                                       1 0
32000100011013 BV Amsterdam                                                                                                  0 0
8067BE95645100416758                  EUR0000000011859960160624                                                                0
9               000007000000000173790000000000000000                                                                           1
0000017062464505                  ZANDD ENTERPRISES BV      JVBABE22   00712627128 00000                                       2
12068BE95645100416758                  EUR0000000011859960160624ZANDD ENTERPRISES BV      Zichtrekening professioneel        068
21000100002024-00131           10000000001878501706240050100001035024360817/PAYPAL                                 17062406801 0
2200010000                                                     1035024360817                      PPLXLUL2                   1 0
2300010000LU89751000135104200E                 PayPal Europe S.a.r.l. et Cie S.C.A                                           0 1
31000100012024-00131           005010001001PayPal Europe S.a.r.l. et Cie S.C.A                                               1 0
320001000122-24 Boulevard Royal, 2449 Luxembo                                                                                0 0
21000200002024-00132           1000000000024990170624004020000521477XXXXXX0556 17/06/2024 16:40 Communication: Gand17062406801 0
2200020000i order 126908730                                                                                                  1 0
2300020000                                     GANDI                                                                         0 1
31000200012024-00132           004020001001GANDI                                                                             1 0
32000200018070 BERTRANGE                                                                                                     0 0
8068BE95645100416758                  EUR0000000011647120170624                                                                0
9               000012000000000212840000000000000000                                                                           1
0000019062464505                  ZANDD ENTERPRISES BV      JVBABE22   00712627128 00000                                       2
12069BE95645100416758                  EUR0000000011647120170624ZANDD ENTERPRISES BV      Zichtrekening professioneel        069
21000100002024-00133           1000000000197130190624005010000TotalEnergies PG Belgium SA-E232245347-E2402971828   19062406901 0
2200010000                                                     0602455234-222802399467            GEBABEBB                   1 0
2300010000BE38001509424272                     TotalEnergies PG Belgium SA                                                   0 1
31000100012024-00133           005010001001TotalEnergies PG Belgium SA                                                       1 0
3200010001Rue Saint Laurent 54               Liege                                                                           0 0
8069BE95645100416758                  EUR0000000011449990190624                                                                0
9               000007000000000197130000000000000000                                                                           1
0000022062464505                  ZANDD ENTERPRISES BV      JVBABE22   00712627128 00000                                       2
12070BE95645100416758                  EUR0000000011449990190624ZANDD ENTERPRISES BV      Zichtrekening professioneel        070
21000100002024-00134           1000000000022400220624004020000521477XXXXXX0556 22/06/2024 13:08                    22062407001 0
2200010000                                                                                                                   1 0
2300010000                                     FORME FS SOCIETE DES T                                                        0 1
31000100012024-00134           004020001001FORME FS SOCIETE DES T                                                            1 0
32000100011000 Bruxelles                                                                                                     0 0
8070BE95645100416758                  EUR0000000011427590220624                                                                0
9               000007000000000022400000000000000000                                                                           1
0000025062464505                  ZANDD ENTERPRISES BV      JVBABE22   00712627128 00000                                       2
12071BE95645100416758                  EUR0000000011427590220624ZANDD ENTERPRISES BV      Zichtrekening professioneel        071
21000100002024-00135           1000000000040000250624004020000521477XXXXXX0556 25/06/2024 12:23                    25062407101 0
2200010000                                                                                                                   1 0
2300010000                                     NATIONALE LOTERIJ                                                             0 1
31000100012024-00135           004020001001NATIONALE LOTERIJ                                                                 1 0
32000100011040 BRUSSEL                                                                                                       0 0
8071BE95645100416758                  EUR0000000011387590250624                                                                0
9               000007000000000040000000000000000000                                                                           1
0000027062464505                  ZANDD ENTERPRISES BV      JVBABE22   00712627128 00000                                       2
12072BE95645100416758                  EUR0000000011387590250624ZANDD ENTERPRISES BV      Zichtrekening professioneel        072
21000100002024-00136           1000000001019800270624005010000SI24/173304                                          27062407201 0
2200010000                                                     SDD-949287-12548739                GEBABEBB                   1 0
2300010000BE42001839300054                     VOLVO                                                                         0 1
31000100012024-00136           005010001001VOLVO                                                                             0 0
21000200002024-00137           1000000000250000270624001010000Telefoon en edp                                      27062407201 0
2200020000                                                                                        JVBABE22                   1 0
2300020000BE17645105243621                     Z.-D. Takacs-Kha                                                              0 1
31000200012024-00137           001010001001Z.-D. Takacs-Kha                                                                  1 0
3200020001Brusselsesteenweg 614              3090 Overijse                                                                   0 0
21000300002024-00138           1000000000015500270624004020000521477XXXXXX0556 27/06/2024 08:18 Communication: 5UYE27062407201 0
22000300004F1 1663394936515 payment                                                                                          1 0
2300030000                                     Mobile Vikings                                                                0 1
31000300012024-00138           004020001001Mobile Vikings                                                                    1 0
32000300013500 Hasselt                                                                                                       0 0
21000400002024-00139           1000000000015000270624004020000521477XXXXXX0556 27/06/2024 08:19 Communication: 5XZF27062407201 0
2200040000J0A 1663394936515 payment                                                                                          1 0
2300040000                                     Mobile Vikings                                                                0 1
31000400012024-00139           004020001001Mobile Vikings                                                                    1 0
32000400013500 Hasselt                                                                                                       0 0
8072BE95645100416758                  EUR0000000010087290270624                                                                0
9               000021000000001300300000000000000000                                                                           1
0000028062464505                  ZANDD ENTERPRISES BV      JVBABE22   00712627128 00000                                       2
12073BE95645100416758                  EUR0000000010087290270624ZANDD ENTERPRISES BV      Zichtrekening professioneel        073
21000100002024-00140           1000000001800000280624001030000HUUR BRUSSELSESTWG 614 OVERIJSE   OLISLAEGERS VASTGOE28062407301 0
2200010000D NV                                                                                    KREDBEBB                   1 0
2300010000BE35737056463137                     OLISLAEGERS VASTGOED NV                                                       0 1
31000100012024-00140           001030001001OLISLAEGERS VASTGOED NV                                                           0 0
21000200002024-00141           0000000018122900280624001500000INV.NR.20240531.087.DSAK                             28062407301 0
2200020000                                                     00005172/78 2024-06-28             KREDBEBB           SUPP    1 0
2300020000BE83733052368815                     CRONOS EUROPA NV                                                              0 1
31000200012024-00141           001500001001CRONOS EUROPA NV                                                                  1 0
3200020001KUNSTLAAN            46   B5       1000    BRUSSEL                                                                 0 0
8073BE95645100416758                  EUR0000000026410190280624                                                                0
9               000011000000001800000000000018122900                                                                           1
0000002072464505                  ZANDD ENTERPRISES BV      JVBABE22   00712627128 00000                                       2
12074BE95645100416758                  EUR0000000026410190280624ZANDD ENTERPRISES BV      Zichtrekening professioneel        074
21000100002024-00142           1000000000025000020724005010000D01-9720698-5058245                                  02072407401 0
2200010000                                                     STR16NAQOQS2WPLJ81TAQRANCSEARVY8VK CITIIE2X                   1 0
2300010000IE30CITI99005132956548               Amazon EU S.a r.l.                                                            0 1
31000100012024-00142           005010001001Amazon EU S.a r.l.                                                                0 0
8074BE95645100416758                  EUR0000000026385190020724                                                                0
9               000006000000000025000000000000000000                                                                           2
