0000001042464505                  ZANDD ENTERPRISES BV      JVBABE22   00712627128 00000                                       2
12037BE95645100416758                  EUR0000000018549370280324ZANDD ENTERPRISES BV      Zichtrekening professioneel        037
21000100002024-00062           1000000000220050010424001010000Loon 03- 2024                                        01042403701 0
2200010000                                                                                        KREDBEBB                   1 0
2300010000BE79734071733933                     Zsuzsanna takacs                                                              0 1
31000100012024-00062           001010001001Zsuzsanna takacs                                                                  1 0
3200010001Brusselsesteenweg 614              3090                                                                            0 0
21000200002024-00063           1000000000144370010424001010000 F2024/2303                                          01042403701 0
2200020000                                                                                        RABONL2U                   1 0
2300020000NL59RABO0166907960                   The Waterpurifier                                                             0 1
31000200012024-00063           001010001001The Waterpurifier                                                                 1 0
3200020001Genebroekstraat 82                 B--3581 Beverlo                                                                 0 0
21000300002024-00064           1000000003554910010424001010000Loon 03- 2024                                        01042403701 0
2200030000                                                                                        KEYTBEBB                   1 0
2300030000BE94651219346914                     Daniel SA Khan KT                                                             0 1
31000300012024-00064           001010001001Daniel SA Khan KT                                                                 0 0
21000400002024-00065           1000000000351880010424001010001101035725412319                                      01042403701 0
2200040000                                                                                        GEBABEBB                   1 0
2300040000BE22210005809847                     Sodexo Pass Belgium sa/nv                                                     0 1
31000400012024-00065           001010001001Sodexo Pass Belgium sa/nv                                                         1 0
3200040001Pleinlaan 15                       1050 Brussel                                                                    0 0
8037BE95645100416758                  EUR0000000014278160010424                                                                0
9               000021000000004271210000000000000000                                                                           1
0000002042464505                  ZANDD ENTERPRISES BV      JVBABE22   00712627128 00000                                       2
12038BE95645100416758                  EUR0000000014278160010424ZANDD ENTERPRISES BV      Zichtrekening professioneel        038
21000100002024-00066           1000000000340240020424001010000Factuurnummer: 222577                                02042403801 0
2200010000                                                                                        BBRUBEBB                   1 0
2300010000BE86335013434950                     Peumans Bvba                                                                  0 1
31000100012024-00066           001010001001Peumans Bvba                                                                      0 0
21000200002024-00067           1000000000340240020424001010000Factuurnummer: 222577                                02042403801 0
2200020000                                                                                        BBRUBEBB                   1 0
2300020000BE86335013434950                     Peumans Bvba                                                                  0 1
31000200012024-00067           001010001001Peumans Bvba                                                                      0 0
21000300002024-00068           1000000000340240020424001010000Factuurnummer: 222577                                02042403801 0
2200030000                                                                                        BBRUBEBB                   1 0
2300030000BE86335013434950                     Peumans Bvba                                                                  0 1
31000300012024-00068           001010001001Peumans Bvba                                                                      0 0
8038BE95645100416758                  EUR0000000013257440020424                                                                0
9               000014000000001020720000000000000000                                                                           2
