0000002052464505                  ZANDD ENTERPRISES BV      JVBABE22   00712627128 00000                                       2
12049BE95645100416758                  EUR0000000004424320300424ZANDD ENTERPRISES BV      Zichtrekening professioneel        049
21000100002024-00096           1000000001200000020524001010000Rc                                                   02052404901 0
2200010000                                                                                        JVBABE22                   1 0
2300010000BE17645105243621                     Z.-D. Takacs-Kha                                                              0 1
31000100012024-00096           001010001001Z.-D. Takacs-Kha                                                                  1 0
3200010001Brusselsesteenweg 614              3090 Overijse                                                                   0 0
8049BE95645100416758                  EUR0000000003224320020524                                                                0
9               000007000000001200000000000000000000                                                                           1
0000006052464505                  ZANDD ENTERPRISES BV      JVBABE22   00712627128 00000                                       2
12050BE95645100416758                  EUR0000000003224320020524ZANDD ENTERPRISES BV      Zichtrekening professioneel        050
21000100002024-00097           1000000000499990060524011010000Aank. 2,6685 UNIVERSAL INVEST HIGH aan 187,369 EUR   06052405001 0
2200010000Effectenrekening 329862 borderel 316729              744580                                                        0 0
8050BE95645100416758                  EUR0000000002724330060524                                                                0
9               000004000000000499990000000000000000                                                                           1
0000010052464505                  ZANDD ENTERPRISES BV      JVBABE22   00712627128 00000                                       2
12051BE95645100416758                  EUR0000000002724330060524ZANDD ENTERPRISES BV      Zichtrekening professioneel        051
21000100002024-00098           1000000000256740100524004020000521477XXXXXX0556 10/05/2024 10:05                    10052405101 0
2200010000                                                                                                                   1 0
2300010000                                     INTERSENTIA                                                                   0 1
31000100012024-00098           004020001001INTERSENTIA                                                                       1 0
32000100011000 BRUSSEL                                                                                                       0 0
8051BE95645100416758                  EUR0000000002467590100524                                                                0
9               000007000000000256740000000000000000                                                                           1
0000012052464505                  ZANDD ENTERPRISES BV      JVBABE22   00712627128 00000                                       2
12052BE95645100416758                  EUR0000000002467590100524ZANDD ENTERPRISES BV      Zichtrekening professioneel        052
21000100002024-00099           1000000000340240120524001010000Factuurnummer: 223992                                12052405201 0
2200010000                                                                                        BBRUBEBB                   1 0
2300010000BE86335013434950                     Peumans Bvba                                                                  0 1
31000100012024-00099           001010001001Peumans Bvba                                                                      0 0
21000200002024-00100           1000000000079820120524001010001101200563286546                                      12052405201 0
2200020000                                                                                        BBRUBEBB                   1 0
2300020000BE18363225740965                     EDPNET Belgium BV                                                             0 1
31000200012024-00100           001010001001EDPNET Belgium BV                                                                 0 0
21000300002024-00101           1000000000144370120524001010000 F2024/3986                                          12052405201 0
2200030000                                                                                        RABONL2U                   1 0
2300030000NL59RABO0166907960                   The Waterpurifier                                                             0 1
31000300012024-00101           001010001001The Waterpurifier                                                                 1 0
3200030001Genebroekstraat 82                 B--3581 Beverlo                                                                 0 0
21000400002024-00102           1000000000014520120524001010000Factuurnummer 1084136                                12052405201 0
2200040000                                                                                        INGBNL2A                   1 0
2300040000NL54INGB0669366560                   Xolphin B.V.                                                                  0 1
31000400012024-00102           001010001001Xolphin B.V.                                                                      1 0
3200040001Rogier van der Weydestraat 2       1817 MJ Alkmaar                                                                 0 0
21000500002024-00103           1000000000898280120524001010001101524238158292                                      12052405201 0
2200050000                                                                                        KREDBEBB                   1 0
2300050000BE56435410980188                     Liantis sociaal secretariaat vzw                                              0 1
31000500012024-00103           001010001001Liantis sociaal secretariaat vzw                                                  1 0
3200050001Willebroekkaai 37                  1000 Brussel                                                                    0 0
21000600002024-00104           1000000000080280120524001010001101200566616979                                      12052405201 0
2200060000                                                                                        BBRUBEBB                   1 0
2300060000BE18363225740965                     EDPNET Belgium BV                                                             0 1
31000600012024-00104           001010001001EDPNET Belgium BV                                                                 0 0
21000700002024-00105           1000000000340240120524001010000Factuurnummer: 223700                                12052405201 0
2200070000                                                                                        BBRUBEBB                   1 0
2300070000BE86335013434950                     Peumans Bvba                                                                  0 1
31000700012024-00105           001010001001Peumans Bvba                                                                      0 0
8052BE95645100416758                  EUR0000000000569840120524                                                                0
9               000033000000001897750000000000000000                                                                           1
0000015052464505                  ZANDD ENTERPRISES BV      JVBABE22   00712627128 00000                                       2
12053BE95645100416758                  EUR0000000000569840120524ZANDD ENTERPRISES BV      Zichtrekening professioneel        053
21000100002024-00106           1000000000351880150524001010001101035803192979                                      15052405301 0
2200010000                                                                                        GEBABEBB                   1 0
2300010000BE22210005809847                     Sodexo Pass Belgium sa/nv                                                     0 1
31000100012024-00106           001010001001Sodexo Pass Belgium sa/nv                                                         1 0
3200010001Pleinlaan 15                       1050 Brussel                                                                    0 0
8053BE95645100416758                  EUR0000000000217960150524                                                                0
9               000007000000000351880000000000000000                                                                           1
0000017052464505                  ZANDD ENTERPRISES BV      JVBABE22   00712627128 00000                                       2
12054BE95645100416758                  EUR0000000000217960150524ZANDD ENTERPRISES BV      Zichtrekening professioneel        054
21000100002024-00107           0000000000005590170524011520000Afrek. kp. 7,9801 UNIVERSAL INVEST HIGH aan 1 EUR    17052405401 0
2200010000Effectenrekening 329862 borderel 074241                                                                            0 0
21000200002024-00108           1000000000005580170524011010000Aank. 0,0296 UNIVERSAL INVEST HIGH aan 188,62 EUR    17052405401 0
2200020000Effectenrekening 329862 borderel 391851                                                                            0 0
8054BE95645100416758                  EUR0000000000217970170524                                                                0
9               000006000000000005580000000000005590                                                                           1
0000021052464505                  ZANDD ENTERPRISES BV      JVBABE22   00712627128 00000                                       2
12055BE95645100416758                  EUR0000000000217970170524ZANDD ENTERPRISES BV      Zichtrekening professioneel        055
21000100002024-00109           1000000000197130210524005010000TotalEnergies PG Belgium SA-E232245347-E2402403275   21052405501 0
2200010000                                                     0602455234-202012282318            GEBABEBB                   1 0
2300010000BE38001509424272                     TotalEnergies PG Belgium SA                                                   0 1
31000100012024-00109           005010001001TotalEnergies PG Belgium SA                                                       1 0
3200010001Rue Saint Laurent 54               Liege                                                                           0 0
8055BE95645100416758                  EUR0000000000020840210524                                                                0
9               000007000000000197130000000000000000                                                                           1
0000027052464505                  ZANDD ENTERPRISES BV      JVBABE22   00712627128 00000                                       2
12056BE95645100416758                  EUR0000000000020840210524ZANDD ENTERPRISES BV      Zichtrekening professioneel        056
21000100002024-00110           0000000021092410270524001500000INV.NR.20240430.086.DSAK, INV.NR.20240430.085.DSAK   27052405601 0
2200010000                                                     00005132/194 2024-05-27            KREDBEBB           SUPP    1 0
2300010000BE83733052368815                     CRONOS EUROPA NV                                                              0 1
31000100012024-00110           001500001001CRONOS EUROPA NV                                                                  1 0
3200010001KUNSTLAAN            46   B5       1000    BRUSSEL                                                                 0 0
21000200002024-00111           1000000001019800270524005010000SI24/140964                                          27052405601 0
2200020000                                                     SDD-942768-12263160                GEBABEBB                   1 0
2300020000BE42001839300054                     VOLVO                                                                         0 1
31000200012024-00111           005010001001VOLVO                                                                             0 0
8056BE95645100416758                  EUR0000000020093450270524                                                                0
9               000011000000001019800000000021092410                                                                           1
0000028052464505                  ZANDD ENTERPRISES BV      JVBABE22   00712627128 00000                                       2
12057BE95645100416758                  EUR0000000020093450270524ZANDD ENTERPRISES BV      Zichtrekening professioneel        057
21000100002024-00112           1000000000361580280524004020000521477XXXXXX0556 28/05/2024 11:12 Communication: Azer28052405701 0
2200010000ty.nl WA001134839 by Multi                                                                                         1 0
2300010000                                     Azerty BV                                                                     0 1
31000100012024-00112           004020001001Azerty BV                                                                         1 0
32000100018102HZ Raalte                                                                                                      0 0
21000200002024-00113           1000000000131960280524001010001101052400442849                                      28052405701 0
2200020000                                                                                        GEBABEBB                   1 0
2300020000BE05001743272175                     INTEROFFICES BV                                                               0 1
31000200012024-00113           001010001001INTEROFFICES BV                                                                   1 0
3200020001Kunstlaan, 56                      1000 Brussel                                                                    0 0
21000300002024-00114           1000000000083490280524001010001101052400457704                                      28052405701 0
2200030000                                                                                        GEBABEBB                   1 0
2300030000BE05001743272175                     INTEROFFICES BV                                                               0 1
31000300012024-00114           001010001001INTEROFFICES BV                                                                   1 0
3200030001Kunstlaan, 56                      1000 Brussel                                                                    0 0
21000400002024-00115           1000000000138000280524001010001101052400442748                                      28052405701 0
2200040000                                                                                        GEBABEBB                   1 0
2300040000BE05001743272175                     INTEROFFICES BV                                                               0 1
31000400012024-00115           001010001001INTEROFFICES BV                                                                   1 0
3200040001Kunstlaan, 56                      1000 Brussel                                                                    0 0
21000500002024-00116           1000000000355410280524001010001101035822785363                                      28052405701 0
2200050000                                                                                        GEBABEBB                   1 0
2300050000BE22210005809847                     Sodexo Pass Belgium sa/nv                                                     0 1
31000500012024-00116           001010001001Sodexo Pass Belgium sa/nv                                                         1 0
3200050001Pleinlaan 15                       1050 Brussel                                                                    0 0
21000600002024-00117           1000000000220050280524001010000Loon 05- 2024                                        28052405701 0
2200060000                                                                                        KREDBEBB                   1 0
2300060000BE79734071733933                     Zsuzsanna takacs                                                              0 1
31000600012024-00117           001010001001Zsuzsanna takacs                                                                  1 0
3200060001Brusselsesteenweg 614              3090                                                                            0 0
21000700002024-00118           1000000003554910280524001010000Loon 05- 2024                                        28052405701 0
2200070000                                                                                        KEYTBEBB                   1 0
2300070000BE94651219346914                     Daniel SA Khan KT                                                             0 1
31000700012024-00118           001010001001Daniel SA Khan KT                                                                 0 0
8057BE95645100416758                  EUR0000000015248050280524                                                                0
9               000036000000004845400000000000000000                                                                           2
