0000001102464505                  ZANDD ENTERPRISES BV      JVBABE22   00712627128 00000                                       2
12117BE95645100416758                  EUR0000000001189450300924ZANDD ENTERPRISES BV      Zichtrekening professioneel        117
21000100002024-00252           10000000001309200110240050100001037245569828/PAYPAL                                 01102411701 0
2200010000                                                     1037245569828                      PPLXLUL2                   1 0
2300010000LU89751000135104200E                 PayPal Europe S.a.r.l. et Cie S.C.A                                           0 1
31000100012024-00252           005010001001PayPal Europe S.a.r.l. et Cie S.C.A                                               1 0
320001000122-24 Boulevard Royal, 2449 Luxembo                                                                                0 0
21000200002024-00253           10000000004859800110240010100004835-2024-1186INV                                    01102411701 0
2200020000                                                                                        INGBNL2A                   1 0
2300020000NL19INGB0007130245                   Regus Amsterdam BV                                                            0 1
31000200012024-00253           001010001001Regus Amsterdam BV                                                                1 0
3200020001Saturnusstraat 46-62               Hoofddorp                                                                       0 0
21000300002024-00254           1000000000020000011024004020000521477XXXXXX0556 01/10/2024 19:21                    01102411701 0
2200030000                                                                                                                   1 0
2300030000                                     NATIONALE LOTERIJ                                                             0 1
31000300012024-00254           004020001001NATIONALE LOTERIJ                                                                 1 0
32000300011040 BRUSSEL                                                                                                       0 0
8117BE95645100416758                  EUR0000000000552550011024                                                                0
9               000017000000000636900000000000000000                                                                           1
0000003102464505                  ZANDD ENTERPRISES BV      JVBABE22   00712627128 00000                                       2
12118BE95645100416758                  EUR0000000000552550011024ZANDD ENTERPRISES BV      Zichtrekening professioneel        118
21000100002024-00255           1000000000499980031024011010000Aank. 2,5212 UNIVERSAL INVEST HIG aan 198,3107 EUR   03102411801 0
2200010000Effectenrekening 329862 borderel 731143              812265                                                        0 0
8118BE95645100416758                  EUR0000000000052570031024                                                                0
9               000004000000000499980000000000000000                                                                           1
0000004102464505                  ZANDD ENTERPRISES BV      JVBABE22   00712627128 00000                                       2
12119BE95645100416758                  EUR0000000000052570031024ZANDD ENTERPRISES BV      Zichtrekening professioneel        119
21000100002024-00256           0000000003585870041024011500000Verk. 18,3289 UNIVERSAL INVEST HIGH aan 195,64 EUR   04102411901 0
2200010000Effectenrekening 329862 borderel 739083              812777                                                        0 0
21000200002024-00257           10000000002125500410240010100004835-2024-1084INV                                    04102411901 0
2200020000                                                                                        INGBNL2A                   1 0
2300020000NL19INGB0007130245                   Regus Amsterdam BV                                                            0 1
31000200012024-00257           001010001001Regus Amsterdam BV                                                                1 0
3200020001Saturnusstraat 46-62               Hoofddorp                                                                       0 0
21000300002024-00258           1000000000340240041024001010000Factuurnummer: 224786                                04102411901 0
2200030000                                                                                        BBRUBEBB                   1 0
2300030000BE86335013434950                     Peumans Bvba                                                                  0 1
31000300012024-00258           001010001001Peumans Bvba                                                                      0 0
21000400002024-00259           1000000000340240041024001010000Factuurnummer: 225255                                04102411901 0
2200040000                                                                                        BBRUBEBB                   1 0
2300040000BE86335013434950                     Peumans Bvba                                                                  0 1
31000400012024-00259           001010001001Peumans Bvba                                                                      0 0
21000500002024-00260           1000000000340240041024001010000Factuurnummer: 225013                                04102411901 0
2200050000                                                                                        BBRUBEBB                   1 0
2300050000BE86335013434950                     Peumans Bvba                                                                  0 1
31000500012024-00260           001010001001Peumans Bvba                                                                      0 0
8119BE95645100416758                  EUR0000000002405170041024                                                                0
9               000021000000001233270000000003585870                                                                           2
