0000002072464505                  ZANDD ENTERPRISES BV      JVBABE22   00712627128 00000                                       2
12074BE95645100416758                  EUR0000000026410190280624ZANDD ENTERPRISES BV      Zichtrekening professioneel        074
21000100002024-00142           1000000000025000020724005010000D01-9720698-5058245                                  02072407401 0
2200010000                                                     STR16NAQOQS2WPLJ81TAQRANCSEARVY8VK CITIIE2X                   1 0
2300010000IE30CITI99005132956548               Amazon EU S.a r.l.                                                            0 1
31000100012024-00142           005010001001Amazon EU S.a r.l.                                                                0 0
21000200002024-00143           1000000000220050020724001010000Loon 06- 2024                                        02072407401 0
2200020000                                                                                        KREDBEBB                   1 0
2300020000BE79734071733933                     Zsuzsanna takacs                                                              0 1
31000200012024-00143           001010001001Zsuzsanna takacs                                                                  1 0
3200020001Brusselsesteenweg 614              3090                                                                            0 0
21000300002024-00144           1000000003554910020724001010000Loon 06- 2024                                        02072407401 0
2200030000                                                                                        KEYTBEBB                   1 0
2300030000BE94651219346914                     Daniel SA Khan KT                                                             0 1
31000300012024-00144           001010001001Daniel SA Khan KT                                                                 0 0
21000400002024-00145           1000000000350620020724001010001101035896030669                                      02072407401 0
2200040000                                                                                        GEBABEBB                   1 0
2300040000BE22210005809847                     Sodexo Pass Belgium sa/nv                                                     0 1
31000400012024-00145           001010001001Sodexo Pass Belgium sa/nv                                                         1 0
3200040001Pleinlaan 15                       1050 Brussel                                                                    0 0
8074BE95645100416758                  EUR0000000022259610020724                                                                0
9               000020000000004150580000000000000000                                                                           1
0000003072464505                  ZANDD ENTERPRISES BV      JVBABE22   00712627128 00000                                       2
12075BE95645100416758                  EUR0000000022259610020724ZANDD ENTERPRISES BV      Zichtrekening professioneel        075
21000100002024-00146           1000000000499980030724011010000Aank. 2,5688 UNIVERSAL INVEST HIG aan 194,6364 EUR   03072407501 0
2200010000Effectenrekening 329862 borderel 506273              771275                                                        0 0
8075BE95645100416758                  EUR0000000021759630030724                                                                0
9               000004000000000499980000000000000000                                                                           1
0000005072464505                  ZANDD ENTERPRISES BV      JVBABE22   00712627128 00000                                       2
12076BE95645100416758                  EUR0000000021759630030724ZANDD ENTERPRISES BV      Zichtrekening professioneel        076
21000100002024-00147           1000000000248970050724001010001101245184981319                                      05072407601 0
2200010000                                                                                        BBRUBEBB                   1 0
2300010000BE02375111099940                     Vlaamse Belastingdienst                                                       0 1
31000100012024-00147           001010001001Vlaamse Belastingdienst                                                           1 0
3200010001Vaartstraat16                      9300 Aalst                                                                      0 0
21000200002024-00148           1000000000127000050724001010001101699000697354                                      05072407601 0
2200020000                                                                                        GKCCBEBB                   1 0
2300020000BE34091022432590                     INTERRAND                                                                     0 1
31000200012024-00148           001010001001INTERRAND                                                                         0 0
21000300002024-00149           1000000000123360050724001010001101240660862620                                      05072407601 0
2200030000                                                                                        KREDBEBB                   1 0
2300030000BE71448764648169                     HELAN                                                                         0 1
31000300012024-00149           001010001001HELAN                                                                             1 0
3200030001sluisweg 2 bus 1                   9000 Gent                                                                       0 0
21000400002024-00150           1000000000083490050724001010001101052400571979                                      05072407601 0
2200040000                                                                                        GEBABEBB                   1 0
2300040000BE05001743272175                     INTEROFFICES BV                                                               0 1
31000400012024-00150           001010001001INTEROFFICES BV                                                                   1 0
3200040001Kunstlaan, 56                      1000 Brussel                                                                    0 0
21000500002024-00151           1000000000398090050724001010000Factuur 20240281                                     05072407601 0
2200050000                                                                                        KREDBEBB                   1 0
2300050000BE29736035395364                     Livingreen Co BV                                                              0 1
31000500012024-00151           001010001001Livingreen Co BV                                                                  0 0
21000600002024-00152           1000000000079930050724001010001101200570917820                                      05072407601 0
2200060000                                                                                        BBRUBEBB                   1 0
2300060000BE18363225740965                     EDPNET Belgium BV                                                             0 1
31000600012024-00152           001010001001EDPNET Belgium BV                                                                 0 0
21000700002024-00153           1000000000241920050724001010001101240716118668                                      05072407601 0
2200070000                                                                                        KREDBEBB                   1 0
2300070000BE71448764648169                     HELAN                                                                         0 1
31000700012024-00153           001010001001HELAN                                                                             1 0
3200070001sluisweg 2 bus 1                   9000 Gent                                                                       0 0
21000800002024-00154           1000000000079800050724001010001101200574413759                                      05072407601 0
2200080000                                                                                        BBRUBEBB                   1 0
2300080000BE18363225740965                     EDPNET Belgium BV                                                             0 1
31000800012024-00154           001010001001EDPNET Belgium BV                                                                 0 0
21000900002024-00155           1000000000006420050724001010000E0400SK12V                                           05072407601 0
2200090000                                                                                        CITIGB2L                   1 0
2300090000GB31CITI18500812207591               MICROSOFT IRELAND OPERATIONS LIMITE                                           0 1
31000900012024-00155           001010001001MICROSOFT IRELAND OPERATIONS LIMITED                                              1 0
3200090001One Microsoft place                south county business park, leopard                                             0 0
21001000002024-00156           1000000000070000050724001010001101712627173387                                      05072407601 0
2200100000                                                                                        PCHQBEBB                   1 0
2300100000BE85679200363806                     Team Inning Bedrijfsvoorheffing Mec                                           0 1
31001000012024-00156           001010001001Team Inning Bedrijfsvoorheffing Mechelen                                          0 0
21001100002024-00157           1000000000047900050724001010001101202007025250                                      05072407601 0
2200110000                                                                                        PCHQBEBB                   1 0
2300110000BE42679200000054                     KMO Brussel I                                                                 0 1
31001100012024-00157           001010001001KMO Brussel I                                                                     1 0
3200110001Kruidtuinlaan 50, Bus 3402         1000, Brussel                                                                   0 0
21001200002024-00158           1000000000118000050724001010001101243413728680                                      05072407601 0
2200120000                                                                                        GKCCBEBB                   1 0
2300120000BE80777591050277                     Provincie Antwerpen                                                           0 1
31001200012024-00158           001010001001Provincie Antwerpen                                                               1 0
3200120001Koningin Elisabethlei 22           2018 Antwerpen                                                                  0 0
21001300002024-00159           1000000000242000050724001010001101432744940545                                      05072407601 0
2200130000                                                                                        BBRUBEBB                   1 0
2300130000BE86335013434950                     Peumans Bvba                                                                  0 1
31001300012024-00159           001010001001Peumans Bvba                                                                      0 0
21001400002024-00160           1000000003415770050724001010001101324978539723                                      05072407601 0
2200140000                                                                                        BBRUBEBB                   1 0
2300140000BE17310001380621                     Partena svz                                                                   0 1
31001400012024-00160           001010001001Partena svz                                                                       1 0
3200140001Kartuizerstraat 45                 1000 Brussel                                                                    0 0
21001500002024-00161           1000000001828790050724001010001101324975389445                                      05072407601 0
2200150000                                                                                        BBRUBEBB                   1 0
2300150000BE17310001380621                     Partena svz                                                                   0 1
31001500012024-00161           001010001001Partena svz                                                                       1 0
3200150001Kartuizerstraat 45                 1000 Brussel                                                                    0 0
21001600002024-00162           1000000000144370050724001010000 F2024/5227                                          05072407601 0
2200160000                                                                                        RABONL2U                   1 0
2300160000NL59RABO0166907960                   The Waterpurifier                                                             0 1
31001600012024-00162           001010001001The Waterpurifier                                                                 1 0
3200160001Genebroekstraat 82                 B--3581 Beverlo                                                                 0 0
21001700002024-00163           1000000000150930050724001010000 F2024/6687                                          05072407601 0
2200170000                                                                                        RABONL2U                   1 0
2300170000NL59RABO0166907960                   The Waterpurifier                                                             0 1
31001700012024-00163           001010001001The Waterpurifier                                                                 1 0
3200170001Genebroekstraat 82                 B--3581 Beverlo                                                                 0 0
21001800002024-00164           1000000000340240050724001010000Factuurnummer: 224517                                05072407601 0
2200180000                                                                                        BBRUBEBB                   1 0
2300180000BE86335013434950                     Peumans Bvba                                                                  0 1
31001800012024-00164           001010001001Peumans Bvba                                                                      0 0
21001900002024-00165           1000000000094500050724001010001101140364263561                                      05072407601 0
2200190000                                                                                        GEBABEBB                   1 0
2300190000BE38001509424272                     TotalEnergies Power & Gas Belgium S                                           0 1
31001900012024-00165           001010001001TotalEnergies Power & Gas Belgium SA/NV                                           1 0
3200190001Rue Saint-Laurent 54               4000 Luik                                                                       0 0
21002000002024-00166           1000000000340240050724001010000Factuurnummer: 224217                                05072407601 0
2200200000                                                                                        BBRUBEBB                   1 0
2300200000BE86335013434950                     Peumans Bvba                                                                  0 1
31002000012024-00166           001010001001Peumans Bvba                                                                      0 0
21002100002024-00167           1000000001344000050724001010001101000278303003                                      05072407601 0
2200210000                                                                                        KREDBEBB                   1 0
2300210000BE41734020050010                     LEFEBRE SARRUT Belgium NV                                                     0 1
31002100012024-00167           001010001001LEFEBRE SARRUT Belgium NV                                                         1 0
3200210001hoogstraat 139 bus 6               1000, Brussel                                                                   0 0
21002200002024-00168           1000000000898280050724001010001101524430070570                                      05072407601 0
2200220000                                                                                        KREDBEBB                   1 0
2300220000BE56435410980188                     Liantis sociaal secretariaat vzw                                              0 1
31002200012024-00168           001010001001Liantis sociaal secretariaat vzw                                                  1 0
3200220001Willebroekkaai 37                  1000 Brussel                                                                    0 0
8076BE95645100416758                  EUR0000000011335630050724                                                                0
9               000104000000010424000000000000000000                                                                           1
0000007072464505                  ZANDD ENTERPRISES BV      JVBABE22   00712627128 00000                                       2
12077BE95645100416758                  EUR0000000011335630050724ZANDD ENTERPRISES BV      Zichtrekening professioneel        077
21000100002024-00169           1000000001051030070724001010000EXP.31052024.005.DSAK                                07072407701 0
2200010000                                                                                        JVBABE22                   1 0
2300010000BE17645105243621                     Z.-D. Takacs-Kha                                                              0 1
31000100012024-00169           001010001001Z.-D. Takacs-Kha                                                                  1 0
3200010001Brusselsesteenweg 614              3090 Overijse                                                                   0 0
21000200002024-00170           1000000000579100070724001010000EXP.30062024.006.DSAK                                07072407701 0
2200020000                                                                                        JVBABE22                   1 0
2300020000BE17645105243621                     Z.-D. Takacs-Kha                                                              0 1
31000200012024-00170           001010001001Z.-D. Takacs-Kha                                                                  1 0
3200020001Brusselsesteenweg 614              3090 Overijse                                                                   0 0
21000300002024-00171           1000000000907350070724001010000EXP.30042024.004.DSAK                                07072407701 0
2200030000                                                                                        JVBABE22                   1 0
2300030000BE17645105243621                     Z.-D. Takacs-Kha                                                              0 1
31000300012024-00171           001010001001Z.-D. Takacs-Kha                                                                  1 0
3200030001Brusselsesteenweg 614              3090 Overijse                                                                   0 0
21000400002024-00172           0000000000100000070724001500000Terugstorting kas opname van : 10-06-2024            07072407701 0
2200040000                                                                                        JVBABE22                   1 0
2300040000BE17645105243621                     Takacs-Kha Z.-D.                                                              0 1
31000400012024-00172           001500001001Takacs-Kha Z.-D.                                                                  1 0
3200040001Brusselsesteenweg 614              3090 Overijse                                                                   0 0
21000500002024-00173           0000000000250000070724001500000Terugstorting kas opname van : 06-04-2024            07072407701 0
2200050000                                                                                        JVBABE22                   1 0
2300050000BE17645105243621                     Takacs-Kha Z.-D.                                                              0 1
31000500012024-00173           001500001001Takacs-Kha Z.-D.                                                                  1 0
3200050001Brusselsesteenweg 614              3090 Overijse                                                                   0 0
21000600002024-00174           0000000000250000070724001500000Terugstorting kas opname van : 08-06-2024            07072407701 0
2200060000                                                                                        JVBABE22                   1 0
2300060000BE17645105243621                     Takacs-Kha Z.-D.                                                              0 1
31000600012024-00174           001500001001Takacs-Kha Z.-D.                                                                  1 0
3200060001Brusselsesteenweg 614              3090 Overijse                                                                   0 0
21000700002024-00175           0000000001200000070724001500000Terugstorting kas opname van : 02-05-2024            07072407701 0
2200070000                                                                                        JVBABE22                   1 0
2300070000BE17645105243621                     Takacs-Kha Z.-D.                                                              0 1
31000700012024-00175           001500001001Takacs-Kha Z.-D.                                                                  1 0
3200070001Brusselsesteenweg 614              3090 Overijse                                                                   0 0
21000800002024-00176           0000000000100000070724001500000Terugstorting kas opname van : 13-06-2024            07072407701 0
2200080000                                                                                        JVBABE22                   1 0
2300080000BE17645105243621                     Takacs-Kha Z.-D.                                                              0 1
31000800012024-00176           001500001001Takacs-Kha Z.-D.                                                                  1 0
3200080001Brusselsesteenweg 614              3090 Overijse                                                                   0 0
21000900002024-00177           0000000000250000070724001500000Terugstorting opnamen van 27-06-2024                 07072407701 0
2200090000                                                                                        JVBABE22                   1 0
2300090000BE17645105243621                     Takacs-Kha Z.-D.                                                              0 1
31000900012024-00177           001500001001Takacs-Kha Z.-D.                                                                  1 0
3200090001Brusselsesteenweg 614              3090 Overijse                                                                   0 0
21001000002024-00178           0000000000100000070724001500000terug storting kasopname van : 14-06-2024            07072407701 0
2200100000                                                                                        JVBABE22                   1 0
2300100000BE17645105243621                     Takacs-Kha Z.-D.                                                              0 1
31001000012024-00178           001500001001Takacs-Kha Z.-D.                                                                  1 0
3200100001Brusselsesteenweg 614              3090 Overijse                                                                   0 0
21001100002024-00179           0000000000040000070724001500000Terug storting 25-06-2024                            07072407701 0
2200110000                                                                                        JVBABE22                   1 0
2300110000BE17645105243621                     Takacs-Kha Z.-D.                                                              0 1
31001100012024-00179           001500001001Takacs-Kha Z.-D.                                                                  1 0
3200110001Brusselsesteenweg 614              3090 Overijse                                                                   0 0
21001200002024-00180           0000000000250000070724001500000Terugstorting kas opname van : 19-04-2024            07072407701 0
2200120000                                                                                        JVBABE22                   1 0
2300120000BE17645105243621                     Takacs-Kha Z.-D.                                                              0 1
31001200012024-00180           001500001001Takacs-Kha Z.-D.                                                                  1 0
3200120001Brusselsesteenweg 614              3090 Overijse                                                                   0 0
21001300002024-00181           0000000000022400070724001500000terugstorting kas opname van 22-06-2024              07072407701 0
2200130000                                                                                        JVBABE22                   1 0
2300130000BE17645105243621                     Takacs-Kha Z.-D.                                                              0 1
31001300012024-00181           001500001001Takacs-Kha Z.-D.                                                                  1 0
3200130001Brusselsesteenweg 614              3090 Overijse                                                                   0 0
8077BE95645100416758                  EUR0000000011360550070724                                                                0
9               000067000000002537480000000002562400                                                                           1
0000009072464505                  ZANDD ENTERPRISES BV      JVBABE22   00712627128 00000                                       2
12078BE95645100416758                  EUR0000000011360550070724ZANDD ENTERPRISES BV      Zichtrekening professioneel        078
21000100002024-00182           1000000000022400090724004020000521477XXXXXX0556 09/07/2024 08:58                    09072407801 0
2200010000                                                                                                                   1 0
2300010000                                     FORME FS SOCIETE DES T                                                        0 1
31000100012024-00182           004020001001FORME FS SOCIETE DES T                                                            1 0
32000100011000 Bruxelles                                                                                                     0 0
8078BE95645100416758                  EUR0000000011338150090724                                                                0
9               000007000000000022400000000000000000                                                                           1
0000010072464505                  ZANDD ENTERPRISES BV      JVBABE22   00712627128 00000                                       2
12079BE95645100416758                  EUR0000000011338150090724ZANDD ENTERPRISES BV      Zichtrekening professioneel        079
21000100002024-00183           1000000000139000100724004020000521477XXXXXX0556 10/07/2024 13:20                    10072407901 0
2200010000                                                                                                                   1 0
2300010000                                     Coolblue                                                                      0 1
31000100012024-00183           004020001001Coolblue                                                                          1 0
32000100012600 BERCHEM                                                                                                       0 0
8079BE95645100416758                  EUR0000000011199150100724                                                                0
9               000007000000000139000000000000000000                                                                           1
0000012072464505                  ZANDD ENTERPRISES BV      JVBABE22   00712627128 00000                                       2
12080BE95645100416758                  EUR0000000011199150100724ZANDD ENTERPRISES BV      Zichtrekening professioneel        080
21000100002024-00184           1000000003554910120724001010000Loon 06- 2024                                        12072408001 0
2200010000                                                                                        KEYTBEBB                   1 0
2300010000BE94651219346914                     Daniel SA Khan KT                                                             0 1
31000100012024-00184           001010001001Daniel SA Khan KT                                                                 0 0
8080BE95645100416758                  EUR0000000007644240120724                                                                0
9               000006000000003554910000000000000000                                                                           1
0000019072464505                  ZANDD ENTERPRISES BV      JVBABE22   00712627128 00000                                       2
12081BE95645100416758                  EUR0000000007644240120724ZANDD ENTERPRISES BV      Zichtrekening professioneel        081
21000100002024-00185           1000000000197130190724005010000TotalEnergies PG Belgium SA-E232245347-E2403533322   19072408101 0
2200010000                                                     0602455234-222602661331            GEBABEBB                   1 0
2300010000BE38001509424272                     TotalEnergies PG Belgium SA                                                   0 1
31000100012024-00185           005010001001TotalEnergies PG Belgium SA                                                       1 0
3200010001Rue Saint Laurent 54               Liege                                                                           0 0
8081BE95645100416758                  EUR0000000007447110190724                                                                0
9               000007000000000197130000000000000000                                                                           1
0000023072464505                  ZANDD ENTERPRISES BV      JVBABE22   00712627128 00000                                       2
12082BE95645100416758                  EUR0000000007447110190724ZANDD ENTERPRISES BV      Zichtrekening professioneel        082
21000100002024-00186           1000000000296880230724004020000521477XXXXXX0556 23/07/2024 11:54                    23072408201 0
2200010000                                                                                                                   1 0
2300010000                                     KaffeKapslen                                                                  0 1
31000100012024-00186           004020001001KaffeKapslen                                                                      1 0
32000100018361 HASSELAGER                                                                                                    0 0
8082BE95645100416758                  EUR0000000007150230230724                                                                0
9               000007000000000296880000000000000000                                                                           1
0000025072464505                  ZANDD ENTERPRISES BV      JVBABE22   00712627128 00000                                       2
12083BE95645100416758                  EUR0000000007150230230724ZANDD ENTERPRISES BV      Zichtrekening professioneel        083
21000100002024-00187           10000000000578402507240050100001035830622154/PAYPAL                                 25072408301 0
2200010000                                                     1035830622154                      PPLXLUL2                   1 0
2300010000LU89751000135104200E                 PayPal Europe S.a.r.l. et Cie S.C.A                                           0 1
31000100012024-00187           005010001001PayPal Europe S.a.r.l. et Cie S.C.A                                               1 0
320001000122-24 Boulevard Royal, 2449 Luxembo                                                                                0 0
8083BE95645100416758                  EUR0000000007092390250724                                                                0
9               000007000000000057840000000000000000                                                                           1
0000027072464505                  ZANDD ENTERPRISES BV      JVBABE22   00712627128 00000                                       2
12084BE95645100416758                  EUR0000000007092390250724ZANDD ENTERPRISES BV      Zichtrekening professioneel        084
21000100002024-00188           1000000000486000270724004020000521477XXXXXX0556 27/07/2024 16:41 Communication: Uw b27072408401 0
2200010000estelling bij 123inkt.be                                                                                           1 0
2300010000                                     123inkt BV                                                                    0 1
31000100012024-00188           004020001001123inkt BV                                                                        1 0
32000100019052 GENT                                                                                                          0 0
8084BE95645100416758                  EUR0000000006606390270724                                                                0
9               000007000000000486000000000000000000                                                                           1
0000029072464505                  ZANDD ENTERPRISES BV      JVBABE22   00712627128 00000                                       2
12085BE95645100416758                  EUR0000000006606390270724ZANDD ENTERPRISES BV      Zichtrekening professioneel        085
21000100002024-00189           1000000001019800290724005010000SI24/206795                                          29072408501 0
2200010000                                                     SDD-956873-12838597                GEBABEBB                   1 0
2300010000BE42001839300054                     VOLVO                                                                         0 1
31000100012024-00189           005010001001VOLVO                                                                             0 0
8085BE95645100416758                  EUR0000000005586590290724                                                                0
9               000006000000001019800000000000000000                                                                           1
0000030072464505                  ZANDD ENTERPRISES BV      JVBABE22   00712627128 00000                                       2
12086BE95645100416758                  EUR0000000005586590290724ZANDD ENTERPRISES BV      Zichtrekening professioneel        086
21000100002024-00190           1000000001800000300724001030000HUUR BRUSSELSESTWG 614 OVERIJSE   OLISLAEGERS VASTGOE30072408601 0
2200010000D NV                                                                                    KREDBEBB                   1 0
2300010000BE35737056463137                     OLISLAEGERS VASTGOED NV                                                       0 1
31000100012024-00190           001030001001OLISLAEGERS VASTGOED NV                                                           0 0
8086BE95645100416758                  EUR0000000003786590300724                                                                0
9               000006000000001800000000000000000000                                                                           1
0000005082464505                  ZANDD ENTERPRISES BV      JVBABE22   00712627128 00000                                       2
12087BE95645100416758                  EUR0000000003786590300724ZANDD ENTERPRISES BV      Zichtrekening professioneel        087
21000100002024-00191           0000000020954600050824001500000INV.NR.20240630.088.DSAK                             05082408701 0
2200010000                                                     00005210/76 2024-08-02             KREDBEBB           SUPP    1 0
2300010000BE83733052368815                     CRONOS EUROPA NV                                                              0 1
31000100012024-00191           001500001001CRONOS EUROPA NV                                                                  1 0
3200010001KUNSTLAAN            46   B5       1000    BRUSSEL                                                                 0 0
21000200002024-00192           1000000000499990050824011010000Aank. 2,5745 UNIVERSAL INVEST HIG aan 194,2101 EUR   05082408701 0
2200020000Effectenrekening 329862 borderel 580760              784950                                                        0 0
21000300002024-00193           1000000000083800050824004020000521477XXXXXX0556 05/08/2024 09:37 Communication: DGT*05082408701 0
2200030000PARTENA ASI-SVZ,Bruxelles,                                                                                         1 0
2300030000                                     DGT*PARTENA ASI-SVZ                                                           0 1
31000300012024-00193           004020001001DGT*PARTENA ASI-SVZ                                                               1 0
32000300011000 Bruxelles                                                                                                     0 0
21000400002024-00194           1000000000035480050824004020000521477XXXXXX0556 05/08/2024 09:40 Communication: DGT*05082408701 0
2200040000PARTENA ASI-SVZ,Bruxelles,                                                                                         1 0
2300040000                                     DGT*PARTENA ASI-SVZ                                                           0 1
31000400012024-00194           004020001001DGT*PARTENA ASI-SVZ                                                               1 0
32000400011000 Bruxelles                                                                                                     0 0
8087BE95645100416758                  EUR0000000024121920050824                                                                0
9               000019000000000619270000000020954600                                                                           1
0000006082464505                  ZANDD ENTERPRISES BV      JVBABE22   00712627128 00000                                       2
12088BE95645100416758                  EUR0000000024121920050824ZANDD ENTERPRISES BV      Zichtrekening professioneel        088
21000100002024-00195           1000000009148630060824001010000                                                     06082408801 0
2200010000                                                                                        PCHQBEBB                   1 0
2300010000BE22679200300047                     Btw ontvangsten Brussel                                                       0 1
31000100012024-00195           001010001001Btw ontvangsten Brussel                                                           1 0
3200010001kruidtuinlaan 50 bus3402           1000, brussel                                                                   0 0
21000200002024-00196           1000000000820370060824001010000salaris jan -july 2024                               06082408801 0
2200020000                                                                                        JVBABE22                   1 0
2300020000BE17645105243621                     Z.-D. Takacs-Kha                                                              0 1
31000200012024-00196           001010001001Z.-D. Takacs-Kha                                                                  1 0
3200020001Brusselsesteenweg 614              3090 Overijse                                                                   0 0
21000300002024-00197           1000000000083490060824001010001101052400726674                                      06082408801 0
2200030000                                                                                        GEBABEBB                   1 0
2300030000BE05001743272175                     INTEROFFICES BV                                                               0 1
31000300012024-00197           001010001001INTEROFFICES BV                                                                   1 0
3200030001Kunstlaan, 56                      1000 Brussel                                                                    0 0
21000400002024-00198           1000000004143520060824001010000Salaris Augustus 2024 DSAK                           06082408801 0
2200040000                                                                                        GKCCBEBB                   1 0
2300040000BE40063785246963                     DSAKHAN BELFIUS                                                               0 1
31000400012024-00198           001010001001DSAKHAN BELFIUS                                                                   0 0
21000500002024-00199           1000000000256590060824001010000Salaris Augustus 2024                                06082408801 0
2200050000                                                                                        GKCCBEBB                   1 0
2300050000BE40063785246963                     Z Tackacs BELFIUS                                                             0 1
31000500012024-00199           001010001001Z Tackacs BELFIUS                                                                 0 0
21000600002024-00200           1000000000369210060824001010001101035958451886                                      06082408801 0
2200060000                                                                                        GEBABEBB                   1 0
2300060000BE22210005809847                     Sodexo Pass Belgium sa/nv                                                     0 1
31000600012024-00200           001010001001Sodexo Pass Belgium sa/nv                                                         1 0
3200060001Pleinlaan 15                       1050 Brussel                                                                    0 0
21000700002024-00201           1000000000079810060824001010001101200578653669                                      06082408801 0
2200070000                                                                                        BBRUBEBB                   1 0
2300070000BE18363225740965                     EDPNET Belgium BV                                                             0 1
31000700012024-00201           001010001001EDPNET Belgium BV                                                                 0 0
21000800002024-00202           1000000000250000060824001010000RC => MObile Vikings                                 06082408801 0
2200080000                                                                                        JVBABE22                   1 0
2300080000BE17645105243621                     Z.-D. Takacs-Kha                                                              0 1
31000800012024-00202           001010001001Z.-D. Takacs-Kha                                                                  1 0
3200080001Brusselsesteenweg 614              3090 Overijse                                                                   0 0
21000900002024-00203           1000000000117740060824004020000521477XXXXXX0556 06/08/2024 07:09                    06082408801 0
2200090000                                                                                                                   1 0
2300090000                                     INTERSENTIA                                                                   0 1
31000900012024-00203           004020001001INTERSENTIA                                                                       1 0
32000900011000 BRUSSEL                                                                                                       0 0
8088BE95645100416758                  EUR0000000008852560060824                                                                0
9               000044000000015269360000000000000000                                                                           1
0000009082464505                  ZANDD ENTERPRISES BV      JVBABE22   00712627128 00000                                       2
12089BE95645100416758                  EUR0000000008852560060824ZANDD ENTERPRISES BV      Zichtrekening professioneel        089
21000100002024-00204           00000000000220000908240045000002217680000000808241421080824142142017863328401320526009082408901 0
22000100000000680000000000044000000000000000P2P MOBILE      000666/4104136800/Y                   KREDBEBB                   1 0
2300010000BE08735044205413                     BANKSYS                            02846                                      0 1
31000100012024-00204           004500001001BANKSYS                                                                           0 0
21000200002024-00205           10000000000230000908240040200000023236880101 08/08/24 11:56 P2P MOBILE RAJAJAYAKARAN09082408901 0
2200020000 SU                                                  666/4012435257/8                   KREDBEBB                   1 0
2300020000BE08735044205413                     RAJAJAYAKARAN SU                                                              0 1
31000200012024-00205           004020001001RAJAJAYAKARAN SU                                                                  1 0
3200020001                                   P2P MOBILE                                                                      0 0
21000300002024-00206           1000000000040000090824004020000521477XXXXXX0556 09/08/2024 13:30                    09082408901 0
2200030000                                                                                                                   1 0
2300030000                                     NATIONALE LOTERIJ                                                             0 1
31000300012024-00206           004020001001NATIONALE LOTERIJ                                                                 1 0
32000300011040 BRUSSEL                                                                                                       0 0
8089BE95645100416758                  EUR0000000008811560090824                                                                0
9               000016000000000063000000000000022000                                                                           1
0000013082464505                  ZANDD ENTERPRISES BV      JVBABE22   00712627128 00000                                       2
12090BE95645100416758                  EUR0000000008811560090824ZANDD ENTERPRISES BV      Zichtrekening professioneel        090
21000100002024-00207           1000000000020000130824004020000521477XXXXXX0556 13/08/2024 12:13                    13082409001 0
2200010000                                                                                                                   1 0
2300010000                                     NATIONALE LOTERIJ                                                             0 1
31000100012024-00207           004020001001NATIONALE LOTERIJ                                                                 1 0
32000100011040 BRUSSEL                                                                                                       0 0
8090BE95645100416758                  EUR0000000008791560130824                                                                0
9               000007000000000020000000000000000000                                                                           1
0000016082464505                  ZANDD ENTERPRISES BV      JVBABE22   00712627128 00000                                       2
12091BE95645100416758                  EUR0000000008791560130824ZANDD ENTERPRISES BV      Zichtrekening professioneel        091
21000100002024-00208           1000000000020000160824004020000521477XXXXXX0556 16/08/2024 19:08                    16082409101 0
2200010000                                                                                                                   1 0
2300010000                                     NATIONALE LOTERIJ                                                             0 1
31000100012024-00208           004020001001NATIONALE LOTERIJ                                                                 1 0
32000100011040 BRUSSEL                                                                                                       0 0
8091BE95645100416758                  EUR0000000008771560160824                                                                0
9               000007000000000020000000000000000000                                                                           1
0000018082464505                  ZANDD ENTERPRISES BV      JVBABE22   00712627128 00000                                       2
12092BE95645100416758                  EUR0000000008771560160824ZANDD ENTERPRISES BV      Zichtrekening professioneel        092
21000100002024-00209           1000000000383160180824004020000521477XXXXXX0556 18/08/2024 12:51 Communication: Gand18082409201 0
2200010000i order 129665820                                                                                                  1 0
2300010000                                     GANDI                                                                         0 1
31000100012024-00209           004020001001GANDI                                                                             1 0
32000100018070 BERTRANGE                                                                                                     0 0
8092BE95645100416758                  EUR0000000008388400180824                                                                0
9               000007000000000383160000000000000000                                                                           1
0000019082464505                  ZANDD ENTERPRISES BV      JVBABE22   00712627128 00000                                       2
12093BE95645100416758                  EUR0000000008388400180824ZANDD ENTERPRISES BV      Zichtrekening professioneel        093
21000100002024-00210           1000000000255200190824005010000TotalEnergies PG Belgium SA-E232245347-E2404137541   19082409301 0
2200010000                                                     0602455234-216012613294            GEBABEBB                   1 0
2300010000BE38001509424272                     TotalEnergies PG Belgium SA                                                   0 1
31000100012024-00210           005010001001TotalEnergies PG Belgium SA                                                       1 0
3200010001Rue Saint Laurent 54               Liege                                                                           0 0
8093BE95645100416758                  EUR0000000008133200190824                                                                0
9               000007000000000255200000000000000000                                                                           1
0000020082464505                  ZANDD ENTERPRISES BV      JVBABE22   00712627128 00000                                       2
12094BE95645100416758                  EUR0000000008133200190824ZANDD ENTERPRISES BV      Zichtrekening professioneel        094
21000100002024-00211           1000000000022400200824004020000521477XXXXXX0556 20/08/2024 12:57                    20082409401 0
2200010000                                                                                                                   1 0
2300010000                                     FORME FS SOCIETE DES T                                                        0 1
31000100012024-00211           004020001001FORME FS SOCIETE DES T                                                            1 0
32000100011000 Bruxelles                                                                                                     0 0
21000200002024-00212           1000000001500000200824001010000Rc:opname betalen ng regus                           20082409401 0
2200020000                                                                                        JVBABE22                   1 0
2300020000BE17645105243621                     Z.-D. Takacs-Kha                                                              0 1
31000200012024-00212           001010001001Z.-D. Takacs-Kha                                                                  1 0
3200020001Brusselsesteenweg 614              3090 Overijse                                                                   0 0
8094BE95645100416758                  EUR0000000006610800200824                                                                0
9               000012000000001522400000000000000000                                                                           1
0000023082464505                  ZANDD ENTERPRISES BV      JVBABE22   00712627128 00000                                       2
12095BE95645100416758                  EUR0000000006610800200824ZANDD ENTERPRISES BV      Zichtrekening professioneel        095
21000100002024-00213           1000000000025000230824004020000521477XXXXXX0556 23/08/2024 19:04                    23082409501 0
2200010000                                                                                                                   1 0
2300010000                                     NATIONALE LOTERIJ                                                             0 1
31000100012024-00213           004020001001NATIONALE LOTERIJ                                                                 1 0
32000100011040 BRUSSEL                                                                                                       0 0
8095BE95645100416758                  EUR0000000006585800230824                                                                0
9               000007000000000025000000000000000000                                                                           1
0000025082464505                  ZANDD ENTERPRISES BV      JVBABE22   00712627128 00000                                       2
12096BE95645100416758                  EUR0000000006585800230824ZANDD ENTERPRISES BV      Zichtrekening professioneel        096
21000100002024-00214           1000000000250000250824001010000RC => MObile Vikings                                 25082409601 0
2200010000                                                                                        JVBABE22                   1 0
2300010000BE17645105243621                     Z.-D. Takacs-Kha                                                              0 1
31000100012024-00214           001010001001Z.-D. Takacs-Kha                                                                  1 0
3200010001Brusselsesteenweg 614              3090 Overijse                                                                   0 0
21000200002024-00215           1000000000079990250824004020000521477XXXXXX0556 25/08/2024 12:42                    25082409601 0
2200020000                                                                                                                   1 0
2300020000                                     Bol.com                                                                       0 1
31000200012024-00215           004020001001Bol.com                                                                           1 0
32000200013528 BJ UTRECHT                                                                                                    0 0
8096BE95645100416758                  EUR0000000006255810250824                                                                0
9               000012000000000329990000000000000000                                                                           1
0000026082464505                  ZANDD ENTERPRISES BV      JVBABE22   00712627128 00000                                       2
12097BE95645100416758                  EUR0000000006255810250824ZANDD ENTERPRISES BV      Zichtrekening professioneel        097
21000100002024-00216           1000000000140490260824004020000521477XXXXXX0556 26/08/2024 12:14 Communication: 5B6D26082409701 0
2200010000Y37 AMAZONRETAIL                                                                                                   1 0
2300010000                                     Amazon EU SARL                                                                0 1
31000100012024-00216           004020001001Amazon EU SARL                                                                    1 0
32000100011855 Luxembourg                                                                                                    0 0
21000200002024-00217           0000000012459490260824001500000INV.NR.20240731.089.DSAK                             26082409701 0
2200020000                                                     00005242/263 2024-08-23            KREDBEBB           SUPP    1 0
2300020000BE83733052368815                     CRONOS EUROPA NV                                                              0 1
31000200012024-00217           001500001001CRONOS EUROPA NV                                                                  1 0
3200020001KUNSTLAAN            46   B5       1000    BRUSSEL                                                                 0 0
8097BE95645100416758                  EUR0000000018574810260824                                                                0
9               000012000000000140490000000012459490                                                                           1
0000027082464505                  ZANDD ENTERPRISES BV      JVBABE22   00712627128 00000                                       2
12098BE95645100416758                  EUR0000000018574810260824ZANDD ENTERPRISES BV      Zichtrekening professioneel        098
21000100002024-00218           1000000001019800270824005010000SI24/239830                                          27082409801 0
2200010000                                                     SDD-963018-13120963                GEBABEBB                   1 0
2300010000BE42001839300054                     VOLVO                                                                         0 1
31000100012024-00218           005010001001VOLVO                                                                             0 0
21000200002024-00219           1000000000705000270824001010000Bestelling multimeter                                27082409801 0
2200020000                                                                                        JVBABE22                   1 0
2300020000BE17645105243621                     Z.-D. Takacs-Kha                                                              0 1
31000200012024-00219           001010001001Z.-D. Takacs-Kha                                                                  1 0
3200020001Brusselsesteenweg 614              3090 Overijse                                                                   0 0
8098BE95645100416758                  EUR0000000016850010270824                                                                0
9               000011000000001724800000000000000000                                                                           1
0000028082464505                  ZANDD ENTERPRISES BV      JVBABE22   00712627128 00000                                       2
12099BE95645100416758                  EUR0000000016850010270824ZANDD ENTERPRISES BV      Zichtrekening professioneel        099
21000100002024-00220           1000000004143520280824001010000Salaris Augustus 2024 DSAK                           28082409901 0
2200010000                                                                                        GKCCBEBB                   1 0
2300010000BE40063785246963                     Z Tackacs BELFIUS                                                             0 1
31000100012024-00220           001010001001Z Tackacs BELFIUS                                                                 0 0
21000200002024-00221           1000000000256590280824001010000Salaris Augustus 2024                                28082409901 0
2200020000                                                                                        GKCCBEBB                   1 0
2300020000BE40063785246963                     Z Tackacs BELFIUS                                                             0 1
31000200012024-00221           001010001001Z Tackacs BELFIUS                                                                 0 0
21000300002024-00222           1000000000366640280824001010001101035995944309                                      28082409901 0
2200030000                                                                                        GEBABEBB                   1 0
2300030000BE22210005809847                     Sodexo Pass Belgium sa/nv                                                     0 1
31000300012024-00222           001010001001Sodexo Pass Belgium sa/nv                                                         1 0
3200030001Pleinlaan 15                       1050 Brussel                                                                    0 0
21000400002024-00223           0000000000250000280824001500000Terugstorting  RC- OPname 06-08-2024                 28082409901 0
2200040000                                                                                        JVBABE22                   1 0
2300040000BE17645105243621                     Takacs-Kha Z.-D.                                                              0 1
31000400012024-00223           001500001001Takacs-Kha Z.-D.                                                                  1 0
3200040001Brusselsesteenweg 614              3090 Overijse                                                                   0 0
21000500002024-00224           0000000000250000280824001500000Terugstorting RC opname : 25-08-2024                 28082409901 0
2200050000                                                                                        JVBABE22                   1 0
2300050000BE17645105243621                     Takacs-Kha Z.-D.                                                              0 1
31000500012024-00224           001500001001Takacs-Kha Z.-D.                                                                  1 0
3200050001Brusselsesteenweg 614              3090 Overijse                                                                   0 0
8099BE95645100416758                  EUR0000000012583260280824                                                                0
9               000025000000004766750000000000500000                                                                           1
0000030082464505                  ZANDD ENTERPRISES BV      JVBABE22   00712627128 00000                                       2
12100BE95645100416758                  EUR0000000012583260280824ZANDD ENTERPRISES BV      Zichtrekening professioneel        100
21000100002024-00225           1000000001800000300824001030000HUUR BRUSSELSESTWG 614 OVERIJSE   OLISLAEGERS VASTGOE30082410001 0
2200010000D NV                                                                                    KREDBEBB                   1 0
2300010000BE35737056463137                     OLISLAEGERS VASTGOED NV                                                       0 1
31000100012024-00225           001030001001OLISLAEGERS VASTGOED NV                                                           0 0
8100BE95645100416758                  EUR0000000010783260300824                                                                0
9               000006000000001800000000000000000000                                                                           1
0000002092464505                  ZANDD ENTERPRISES BV      JVBABE22   00712627128 00000                                       2
12101BE95645100416758                  EUR0000000010783260300824ZANDD ENTERPRISES BV      Zichtrekening professioneel        101
21000100002024-00226           1000000000099000020924001010000Betaling telefoon                                    02092410101 0
2200010000                                                                                        JVBABE22                   1 0
2300010000BE17645105243621                     Z.-D. Takacs-Kha                                                              0 1
31000100012024-00226           001010001001Z.-D. Takacs-Kha                                                                  1 0
3200010001Brusselsesteenweg 614              3090 Overijse                                                                   0 0
8101BE95645100416758                  EUR0000000010684260020924                                                                0
9               000007000000000099000000000000000000                                                                           1
0000004092464505                  ZANDD ENTERPRISES BV      JVBABE22   00712627128 00000                                       2
12102BE95645100416758                  EUR0000000010684260020924ZANDD ENTERPRISES BV      Zichtrekening professioneel        102
21000100002024-00227           1000000000499990040924011010000Aank. 2,546 UNIVERSAL INVEST HIGH aan 196,3822 EUR   04092410201 0
2200010000Effectenrekening 329862 borderel 643504              798218                                                        0 0
8102BE95645100416758                  EUR0000000010184270040924                                                                0
9               000004000000000499990000000000000000                                                                           1
0000006092464505                  ZANDD ENTERPRISES BV      JVBABE22   00712627128 00000                                       2
12103BE95645100416758                  EUR0000000010184270040924ZANDD ENTERPRISES BV      Zichtrekening professioneel        103
21000100002024-00228           1000000000020000060924004020000521477XXXXXX0556 06/09/2024 14:11                    06092410301 0
2200010000                                                                                                                   1 0
2300010000                                     NATIONALE LOTERIJ                                                             0 1
31000100012024-00228           004020001001NATIONALE LOTERIJ                                                                 1 0
32000100011040 BRUSSEL                                                                                                       0 0
8103BE95645100416758                  EUR0000000010164270060924                                                                0
9               000007000000000020000000000000000000                                                                           2
