0000002112464505                  ZANDD ENTERPRISES BV      JVBABE22   00712627128 00000                                       2
12134BE95645100416758                  EUR0000000031699970301024ZANDD ENTERPRISES BV      Zichtrekening professioneel        134
21000100002024-00310           1000000001760520021124001010000Declaraties Oktober 2024 :EXP.31102024.010.DSAK      02112413401 0
2200010000                                                                                        JVBABE22                   1 0
2300010000BE17645105243621                     Z.-D. Takacs-Kha                                                              0 1
31000100012024-00310           001010001001Z.-D. Takacs-Kha                                                                  1 0
3200010001Brusselsesteenweg 614              3090 Overijse                                                                   0 0
21000200002024-00311           1000000004143520021124001010000Salaris Oktober 2024 DSAK                            02112413401 0
2200020000                                                                                        GKCCBEBB                   1 0
2300020000BE40063785246963                     Z Tackacs BELFIUS                                                             0 1
31000200012024-00311           001010001001Z Tackacs BELFIUS                                                                 0 0
21000300002024-00312           1000000000393250021124001010001101924272741764                                      02112413401 0
2200030000                                                                                        BBRUBEBB                   1 0
2300030000BE86335013434950                     Peumans Bvba                                                                  0 1
31000300012024-00312           001010001001Peumans Bvba                                                                      0 0
21000400002024-00313           1000000000025890021124001010000E0400TZFK5                                           02112413401 0
2200040000                                                                                        CITIGB2L                   1 0
2300040000GB31CITI18500812207591               MICROSOFT IRELAND OPERATIONS LIMITE                                           0 1
31000400012024-00313           001010001001MICROSOFT IRELAND OPERATIONS LIMITED                                              1 0
3200040001One Microsoft place                south county business park, leopard                                             0 0
21000500002024-00314           1000000000340240021124001010000Factuurnummer: 225532                                02112413401 0
2200050000                                                                                        BBRUBEBB                   1 0
2300050000BE86335013434950                     Peumans Bvba                                                                  0 1
31000500012024-00314           001010001001Peumans Bvba                                                                      0 0
21000600002024-00315           1000000000083490021124001010001101052401085978                                      02112413401 0
2200060000                                                                                        GEBABEBB                   1 0
2300060000BE05001743272175                     INTEROFFICES BV                                                               0 1
31000600012024-00315           001010001001INTEROFFICES BV                                                                   1 0
3200060001Kunstlaan, 56                      1000 Brussel                                                                    0 0
21000700002024-00316           1000000000900880021124001010001101424009106805                                      02112413401 0
2200070000                                                                                        BBRUBEBB                   1 0
2300070000BE17310001380621                     Partena svz                                                                   0 1
31000700012024-00316           001010001001Partena svz                                                                       1 0
3200070001Kartuizerstraat 45                 1000 Brussel                                                                    0 0
21000800002024-00317           1000000000121080021124001010000 F2024/10756                                         02112413401 0
2200080000                                                                                        RABONL2U                   1 0
2300080000NL59RABO0166907960                   The Waterpurifier                                                             0 1
31000800012024-00317           001010001001The Waterpurifier                                                                 1 0
3200080001Genebroekstraat 82                 B--3581 Beverlo                                                                 0 0
21000900002024-00318           1000000000256590021124001010000Salaris Oktober 2024                                 02112413401 0
2200090000                                                                                        GKCCBEBB                   1 0
2300090000BE40063785246963                     Z Tackacs BELFIUS                                                             0 1
31000900012024-00318           001010001001Z Tackacs BELFIUS                                                                 0 0
21001000002024-00319           0000000000250000021124001500000terug storting 07-10-2024                            02112413401 0
2200100000                                                                                        JVBABE22                   1 0
2300100000BE17645105243621                     Takacs-Kha Z.-D.                                                              0 1
31001000012024-00319           001500001001Takacs-Kha Z.-D.                                                                  1 0
3200100001Brusselsesteenweg 614              3090 Overijse                                                                   0 0
21001100002024-00320           0000000000575240021124001500000terug storting 28-10-2024                            02112413401 0
2200110000                                                                                        JVBABE22                   1 0
2300110000BE17645105243621                     Takacs-Kha Z.-D.                                                              0 1
31001100012024-00320           001500001001Takacs-Kha Z.-D.                                                                  1 0
3200110001Brusselsesteenweg 614              3090 Overijse                                                                   0 0
21001200002024-00321           0000000000500000021124001500000terug storting 19-10-2024                            02112413401 0
2200120000                                                                                        JVBABE22                   1 0
2300120000BE17645105243621                     Takacs-Kha Z.-D.                                                              0 1
31001200012024-00321           001500001001Takacs-Kha Z.-D.                                                                  1 0
3200120001Brusselsesteenweg 614              3090 Overijse                                                                   0 0
21001300002024-00322           0000000000200000021124001500000terug storting 23-10-2024                            02112413401 0
2200130000                                                                                        JVBABE22                   1 0
2300130000BE17645105243621                     Takacs-Kha Z.-D.                                                              0 1
31001300012024-00322           001500001001Takacs-Kha Z.-D.                                                                  1 0
3200130001Brusselsesteenweg 614              3090 Overijse                                                                   0 0
8134BE95645100416758                  EUR0000000025199750021124                                                                0
9               000063000000008025460000000001525240                                                                           1
0000003112464505                  ZANDD ENTERPRISES BV      JVBABE22   00712627128 00000                                       2
12135BE95645100416758                  EUR0000000025199750021124ZANDD ENTERPRISES BV      Zichtrekening professioneel        135
21000100002024-00323           1000000000308850031124004020000521477XXXXXX0556 03/11/2024 19:45                    03112413501 0
2200010000                                                                                                                   1 0
2300010000                                     KaffeKapslen                                                                  0 1
31000100012024-00323           004020001001KaffeKapslen                                                                      1 0
32000100018361 HASSELAGER                                                                                                    0 0
21000200002024-00324           1000000000250000031124001010000RC opname Week 44 2024                               03112413501 0
2200020000                                                                                        JVBABE22                   1 0
2300020000BE17645105243621                     Z.-D. Takacs-Kha                                                              0 1
31000200012024-00324           001010001001Z.-D. Takacs-Kha                                                                  1 0
3200020001Brusselsesteenweg 614              3090 Overijse                                                                   0 0
8135BE95645100416758                  EUR0000000024640900031124                                                                0
9               000012000000000558850000000000000000                                                                           1
0000004112464505                  ZANDD ENTERPRISES BV      JVBABE22   00712627128 00000                                       2
12136BE95645100416758                  EUR0000000024640900031124ZANDD ENTERPRISES BV      Zichtrekening professioneel        136
21000100002024-00325           1000000000700000041124001010000Rc                                                   04112413601 0
2200010000                                                                                        JVBABE22                   1 0
2300010000BE17645105243621                     Z.-D. Takacs-Kha                                                              0 1
31000100012024-00325           001010001001Z.-D. Takacs-Kha                                                                  1 0
3200010001Brusselsesteenweg 614              3090 Overijse                                                                   0 0
8136BE95645100416758                  EUR0000000023940900041124                                                                0
9               000007000000000700000000000000000000                                                                           1
0000007112464505                  ZANDD ENTERPRISES BV      JVBABE22   00712627128 00000                                       2
12137BE95645100416758                  EUR0000000023940900041124ZANDD ENTERPRISES BV      Zichtrekening professioneel        137
21000100002024-00326           1000000006000000071124001010000Rc gellik asbest renovatie                           07112413701 0
2200010000                                                                                        GKCCBEBB                   1 0
2300010000BE40063785246963                     Z Tackacs BELFIUS                                                             0 1
31000100012024-00326           001010001001Z Tackacs BELFIUS                                                                 0 0
21000200002024-00327           0000000000700000071124001500000Terug betaling rc 04-11-2024                         07112413701 0
2200020000                                                                                        JVBABE22                   1 0
2300020000BE17645105243621                     Takacs-Kha Z.-D.                                                              0 1
31000200012024-00327           001500001001Takacs-Kha Z.-D.                                                                  1 0
3200020001Brusselsesteenweg 614              3090 Overijse                                                                   0 0
8137BE95645100416758                  EUR0000000018640900071124                                                                0
9               000011000000006000000000000000700000                                                                           1
0000008112464505                  ZANDD ENTERPRISES BV      JVBABE22   00712627128 00000                                       2
12138BE95645100416758                  EUR0000000018640900071124ZANDD ENTERPRISES BV      Zichtrekening professioneel        138
21000100002024-00328           1000000000015000081124080470000Factuur 24047169                                     08112413800 0
8138BE95645100416758                  EUR0000000018625900081124                                                                0
9               000003000000000015000000000000000000                                                                           2
