0000002062564505                  ZANDD ENTERPRISES BV      JVBABE22   00712627128 00000                                       2
12054BE95645100416758                  EUR0000000000013550300525ZANDD ENTERPRISES BV      Zichtrekening professioneel        054
21000100002025-00101           1000000000009490020625004020000521477XXXXXX0556 01/06/2025 23:13                    02062505401 0
2200010000                                                                                                                   1 0
2300010000                                     Bol.com                                                                       0 1
31000100012025-00101           004020001001Bol.com                                                                           1 0
32000100013528 BJ UTRECHT                                                                                                    0 0
21000200002025-00102           0000000000287010020625001500001101836784010177                                      02062505401 0
2200020000                                                     NOTPROVIDED                        GKCCBEBB                   1 0
2300020000BE27068931408373                     HARMONIC WAVES                                                                0 1
31000200012025-00102           001500001001HARMONIC WAVES                                                                    1 0
3200020001DENNENLAAN              33         2840  RUMST                                                                     0 0
21000300002025-00103           0000000000700900020625001500000terugbetaling                                        02062505401 0
2200030000                                                     69addbee9cca48b6ba07b2e446889364   BBRUBEBB                   1 0
2300030000BE86335013434950                     PEUMANS  BVBA                                                                 0 1
31000300012025-00103           001500001001PEUMANS  BVBA                                                                     1 0
3200030001KUNSTLAAN 56                       1000        BRUSSEL                                                             0 0
8054BE95645100416758                  EUR0000000000991970020625                                                                0
9               000017000000000009490000000000987910                                                                           1
0000003062564505                  ZANDD ENTERPRISES BV      JVBABE22   00712627128 00000                                       2
12055BE95645100416758                  EUR0000000000991970020625ZANDD ENTERPRISES BV      Zichtrekening professioneel        055
21000100002025-00104           0000000000300000030625001500000Aanvullen liquiditeit breda                          03062505501 0
2200010000                                                     NOTPROVIDED                        GKCCBEBB                   1 0
2300010000BE39068955090319                     ZANDD ENTERPRISES                                                             0 1
31000100012025-00104           001500001001ZANDD ENTERPRISES                                                                 1 0
3200010001GELLIKERWEG            122         3620  LANAKEN                                                                   0 0
8055BE95645100416758                  EUR0000000001291970030625                                                                0
9               000007000000000000000000000000300000                                                                           1
0000010062564505                  ZANDD ENTERPRISES BV      JVBABE22   00712627128 00000                                       2
12056BE95645100416758                  EUR0000000001291970030625ZANDD ENTERPRISES BV      Zichtrekening professioneel        056
21000100002025-00105           1000000000015000100625080470000Factuur 25030576                                     10062505600 0
8056BE95645100416758                  EUR0000000001276970100625                                                                0
9               000003000000000015000000000000000000                                                                           1
0000012062564505                  ZANDD ENTERPRISES BV      JVBABE22   00712627128 00000                                       2
12057BE95645100416758                  EUR0000000001276970100625ZANDD ENTERPRISES BV      Zichtrekening professioneel        057
21000100002025-00106           10000000000087001206250040200000023236880101 11/06/25 16:11 P2P MOBILE Raymond Maes 12062505701 0
2200010000                                                     666/4036870791/8                   VDSPBE91                   1 0
2300010000BE10894000141504                     Raymond Maes                                                                  0 1
31000100012025-00106           004020001001Raymond Maes                                                                      1 0
3200010001                                   P2P MOBILE                                                                      0 0
8057BE95645100416758                  EUR0000000001268270120625                                                                0
9               000007000000000008700000000000000000                                                                           1
0000016062564505                  ZANDD ENTERPRISES BV      JVBABE22   00712627128 00000                                       2
12058BE95645100416758                  EUR0000000001268270120625ZANDD ENTERPRISES BV      Zichtrekening professioneel        058
21000100002025-00107           1000000000024500160625004020000521477XXXXXX0556 16/06/2025 17:36                    16062505801 0
2200010000                                                                                                                   1 0
2300010000                                     STIB-MIVB APP                                                                 0 1
31000100012025-00107           004020001001STIB-MIVB APP                                                                     1 0
32000100011000 BRUXELLES                                                                                                     0 0
8058BE95645100416758                  EUR0000000001243770160625                                                                0
9               000007000000000024500000000000000000                                                                           1
0000019062564505                  ZANDD ENTERPRISES BV      JVBABE22   00712627128 00000                                       2
12059BE95645100416758                  EUR0000000001243770160625ZANDD ENTERPRISES BV      Zichtrekening professioneel        059
21000100002025-00108           1000000000225070190625005010000TotalEnergies PG Belgium SA-E232245347-E2503062254   19062505901 0
2200010000                                                     0602455234-211514011819            GEBABEBB                   1 0
2300010000BE38001509424272                     TotalEnergies PG Belgium SA                                                   0 1
31000100012025-00108           005010001001TotalEnergies PG Belgium SA                                                       1 0
3200010001Rue Saint Laurent 54               Liege                                                                           0 0
8059BE95645100416758                  EUR0000000001018700190625                                                                0
9               000007000000000225070000000000000000                                                                           1
0000025062564505                  ZANDD ENTERPRISES BV      JVBABE22   00712627128 00000                                       2
12060BE95645100416758                  EUR0000000001018700190625ZANDD ENTERPRISES BV      Zichtrekening professioneel        060
21000100002025-00109           00000000000220002506250045000001757332700002406252014240625201442033054357002170429025062506001 0
22000100000000332700000000044000000000000000P2P MOBILE      000666/4104133327/Y                   KREDBEBB                   1 0
2300010000BE55731047556344                     BANKSYS                            05729                                      0 1
31000100012025-00109           004500001001BANKSYS                                                                           0 0
21000200002025-00110           00000000000220002506250045000001757332900002406252015240625201542017863328402131029025062506001 0
22000200000000332900000000044000000000000000P2P MOBILE      000666/4104133329/Y                   KREDBEBB                   1 0
2300020000BE08735044205413                     BANKSYS                            05729                                      0 1
31000200012025-00110           004500001001BANKSYS                                                                           0 0
8060BE95645100416758                  EUR0000000001062700250625                                                                0
9               000010000000000000000000000000044000                                                                           1
0000002072564505                  ZANDD ENTERPRISES BV      JVBABE22   00712627128 00000                                       2
12061BE95645100416758                  EUR0000000001062700250625ZANDD ENTERPRISES BV      Zichtrekening professioneel        061
21000100002025-00111           1000000000024500020725004020000521477XXXXXX0556 02/07/2025 09:18                    02072506101 0
2200010000                                                                                                                   1 0
2300010000                                     STIB-MIVB APP                                                                 0 1
31000100012025-00111           004020001001STIB-MIVB APP                                                                     1 0
32000100011000 BRUXELLES                                                                                                     0 0
21000200002025-00112           1000000000006990020725004020000521477XXXXXX0556 02/07/2025 17:42 Communication: Buie02072506101 0
2200020000nradarPremium                                                                                                      1 0
2300020000                                     Buienradar                                                                    0 1
31000200012025-00112           004020001001Buienradar                                                                        1 0
32000200011217 WP HILVERSUM                                                                                                  0 0
8061BE95645100416758                  EUR0000000001031210020725                                                                0
9               000012000000000031490000000000000000                                                                           2
