0000003032564505                  ZANDD ENTERPRISES BV      JVBABE22   00712627128 00000                                       2
12032BE95645100416758                  EUR0000000001069910280225ZANDD ENTERPRISES BV      Zichtrekening professioneel        032
21000100002025-00071           10000000003000000303250010100001-FON-002                                            03032503201 0
2200010000                                                                                        HPBZHR2X                   1 0
2300010000HR8623900013223425499                BANGIT, obrt za informaticke usluge                                           0 1
31000100012025-00071           001010001001BANGIT, obrt za informaticke usluge i trgovinu                                    1 0
3200010001Donji Karin 134                    23452 Donji Karin                                                               0 0
8032BE95645100416758                  EUR0000000000769910030325                                                                0
9               000007000000000300000000000000000000                                                                           1
0000007032564505                  ZANDD ENTERPRISES BV      JVBABE22   00712627128 00000                                       2
12033BE95645100416758                  EUR0000000000769910030325ZANDD ENTERPRISES BV      Zichtrekening professioneel        033
21000100002025-00072           10000000000395500703250050100001040689839779/PAYPAL                                 07032503301 0
2200010000                                                     1040689839779                      PPLXLUL2                   1 0
2300010000LU89751000135104200E                 PayPal Europe S.a.r.l. et Cie S.C.A                                           0 1
31000100012025-00072           005010001001PayPal Europe S.a.r.l. et Cie S.C.A                                               1 0
320001000122-24 Boulevard Royal, 2449 Luxembo                                                                                0 0
8033BE95645100416758                  EUR0000000000730360070325                                                                0
9               000007000000000039550000000000000000                                                                           1
0000009032564505                  ZANDD ENTERPRISES BV      JVBABE22   00712627128 00000                                       2
12034BE95645100416758                  EUR0000000000730360070325ZANDD ENTERPRISES BV      Zichtrekening professioneel        034
21000100002025-00073           1000000000024500090325004020000521477XXXXXX0556 09/03/2025 11:48                    09032503401 0
2200010000                                                                                                                   1 0
2300010000                                     STIB-MIVB APP                                                                 0 1
31000100012025-00073           004020001001STIB-MIVB APP                                                                     1 0
32000100011000 BRUXELLES                                                                                                     0 0
8034BE95645100416758                  EUR0000000000705860090325                                                                0
9               000007000000000024500000000000000000                                                                           1
0000010032564505                  ZANDD ENTERPRISES BV      JVBABE22   00712627128 00000                                       2
12035BE95645100416758                  EUR0000000000705860090325ZANDD ENTERPRISES BV      Zichtrekening professioneel        035
21000100002025-00074           1000000000079950100325005010000Mandate:119650347/ Creditor ID:DE39ZZZ00000342938/ Cl10032503501 0
2200010000everbridge GmbH/ Ref. No:493051257/ Piriform Software339697822                          DEUTDEDK                   1 0
2300010000DE04370700600192144405               cleverbridge GmbH                   Ltd                                       0 1
31000100012025-00074           005010001001cleverbridge GmbH                                                                 1 0
3200010001Tunisstr. 19-23                    50667 Koln                                                                      0 0
8035BE95645100416758                  EUR0000000000625910100325                                                                0
9               000007000000000079950000000000000000                                                                           1
0000011032564505                  ZANDD ENTERPRISES BV      JVBABE22   00712627128 00000                                       2
12036BE95645100416758                  EUR0000000000625910100325ZANDD ENTERPRISES BV      Zichtrekening professioneel        036
21000100002025-00075           1000000000100000110325001010000                                                     11032503601 0
2200010000                                                                                        JVBABE22                   1 0
2300010000BE17645105243621                     Z.-D. Takacs-Kha                                                              0 1
31000100012025-00075           001010001001Z.-D. Takacs-Kha                                                                  1 0
3200010001Brusselsesteenweg 614              3090 Overijse                                                                   0 0
8036BE95645100416758                  EUR0000000000525910110325                                                                0
9               000007000000000100000000000000000000                                                                           1
0000015032564505                  ZANDD ENTERPRISES BV      JVBABE22   00712627128 00000                                       2
12037BE95645100416758                  EUR0000000000525910110325ZANDD ENTERPRISES BV      Zichtrekening professioneel        037
21000100002025-00076           1000000000087120150325004020000521477XXXXXX0556 15/03/2025 16:06                    15032503701 0
2200010000                                                                                                                   1 0
2300010000                                     Bol.com                                                                       0 1
31000100012025-00076           004020001001Bol.com                                                                           1 0
32000100013528 BJ UTRECHT                                                                                                    0 0
8037BE95645100416758                  EUR0000000000438790150325                                                                0
9               000007000000000087120000000000000000                                                                           1
0000016032564505                  ZANDD ENTERPRISES BV      JVBABE22   00712627128 00000                                       2
12038BE95645100416758                  EUR0000000000438790150325ZANDD ENTERPRISES BV      Zichtrekening professioneel        038
21000100002025-00077           1000000000192000160325004020000521477XXXXXX0556 16/03/2025 12:56 Communication: DNRD16032503801 0
2200010000QWPCNN                                                                                                             1 0
2300010000                                     NS                                                                            0 1
31000100012025-00077           004020001001NS                                                                                1 0
32000100011012 AB Amsterdam                                                                                                  0 0
8038BE95645100416758                  EUR0000000000246790160325                                                                0
9               000007000000000192000000000000000000                                                                           1
0000017032564505                  ZANDD ENTERPRISES BV      JVBABE22   00712627128 00000                                       2
12039BE95645100416758                  EUR0000000000246790160325ZANDD ENTERPRISES BV      Zichtrekening professioneel        039
21000100002025-00078           10000000000130001703250040200000023236880101 14/03/25 15:21 P2P MOBILE RAJAJAYAKARAN17032503901 0
2200010000 SU                                                  666/4012432041/8                   KREDBEBB                   1 0
2300010000BE08735044205413                     RAJAJAYAKARAN SU                                                              0 1
31000100012025-00078           004020001001RAJAJAYAKARAN SU                                                                  1 0
3200010001                                   P2P MOBILE                                                                      0 0
8039BE95645100416758                  EUR0000000000233790170325                                                                0
9               000007000000000013000000000000000000                                                                           1
0000018032564505                  ZANDD ENTERPRISES BV      JVBABE22   00712627128 00000                                       2
12040BE95645100416758                  EUR0000000000233790170325ZANDD ENTERPRISES BV      Zichtrekening professioneel        040
21000100002025-00079           10000000000382401803250050100001040901818601/PAYPAL                                 18032504001 0
2200010000                                                     1040901818601                      PPLXLUL2                   1 0
2300010000LU89751000135104200E                 PayPal Europe S.a.r.l. et Cie S.C.A                                           0 1
31000100012025-00079           005010001001PayPal Europe S.a.r.l. et Cie S.C.A                                               1 0
320001000122-24 Boulevard Royal, 2449 Luxembo                                                                                0 0
8040BE95645100416758                  EUR0000000000195550180325                                                                0
9               000007000000000038240000000000000000                                                                           1
0000019032564505                  ZANDD ENTERPRISES BV      JVBABE22   00712627128 00000                                       2
12041BE95645100416758                  EUR0000000000195550180325ZANDD ENTERPRISES BV      Zichtrekening professioneel        041
21000100002025-00080           10000000000095001903250040200000023236880101 18/03/25 14:02 P2P MOBILE RAJAJAYAKARAN19032504101 0
2200010000 SU                                                  666/4012437254/8                   KREDBEBB                   1 0
2300010000BE08735044205413                     RAJAJAYAKARAN SU                                                              0 1
31000100012025-00080           004020001001RAJAJAYAKARAN SU                                                                  1 0
3200010001                                   P2P MOBILE                                                                      0 0
8041BE95645100416758                  EUR0000000000186050190325                                                                0
9               000007000000000009500000000000000000                                                                           1
0000025032564505                  ZANDD ENTERPRISES BV      JVBABE22   00712627128 00000                                       2
12042BE95645100416758                  EUR0000000000186050190325ZANDD ENTERPRISES BV      Zichtrekening professioneel        042
21000100002025-00081           10000000001116002503250050100001041028359223 PAYPAL                                 25032504201 0
2200010000                                                     1041028359223 PAYPAL               DEUTDEFF                   1 0
2300010000DE88500700100175526303               PayPal (Europe) S.a r.l. et Cie, S.                                           0 1
31000100012025-00081           005010001001PayPal (Europe) S.a r.l. et Cie, S.C.A.                                           0 0
8042BE95645100416758                  EUR0000000000074450250325                                                                0
9               000006000000000111600000000000000000                                                                           1
0000031032564505                  ZANDD ENTERPRISES BV      JVBABE22   00712627128 00000                                       2
12043BE95645100416758                  EUR0000000000074450250325ZANDD ENTERPRISES BV      Zichtrekening professioneel        043
21000100002025-00082           000000000497168031032500150000070012660592: Teveel betaald Sociaal Statuut          31032504301 0
2200010000                                                     7001266059220250331003515147       BBRUBEBB                   1 0
2300010000BE17310001380621                     PARTENA ASTI SVZ ASVBL VZM                                                    0 1
31000100012025-00082           001500001001PARTENA ASTI SVZ ASVBL VZM                                                        1 0
3200010001RUE RAVENSTEIN 36                  1000        BRUXELLES                                                           0 0
21000200002025-00083           1000000000088710280325005010000200605822258                                         31032504301 0
2200020000                                                     301003C25097053.712.15454808       KREDBEBB                   1 0
2300020000BE39734067833119                     EDPNET BELGIUM BV                                                             0 1
31000200012025-00083           005010001001EDPNET BELGIUM BV                                                                 1 0
3200020001Bellestraat 30                     9100 Sint-Niklaas(Oost-Vlaanderen)                                              0 0
21000300002025-00084           1000000000225070310325005010000TotalEnergies PG Belgium SA-E232245347-E2501132088   31032504301 0
2200030000                                                     0602455234-223303408491            GEBABEBB                   1 0
2300030000BE38001509424272                     TotalEnergies PG Belgium SA                                                   0 1
31000300012025-00084           005010001001TotalEnergies PG Belgium SA                                                       1 0
3200030001Rue Saint Laurent 54               Liege                                                                           0 0
21000400002025-00085           1000000000906140310325001010001101625235452009                                      31032504301 0
2200040000                                                                                        KREDBEBB                   1 0
2300040000BE56435410980188                     Liantis sociaal secretariaat vzw                                              0 1
31000400012025-00085           001010001001Liantis sociaal secretariaat vzw                                                  1 0
3200040001Willebroekkaai 37                  1000 Brussel                                                                    0 0
21000500002025-00086           1000000000152970310325001010001101250165333656                                      31032504301 0
2200050000                                                                                        KREDBEBB                   1 0
2300050000BE71448764648169                     HELAN                                                                         0 1
31000500012025-00086           001010001001HELAN                                                                             1 0
3200050001sluisweg 2 bus 1                   9000 Gent                                                                       0 0
21000600002025-00087           1000000000908320310325001010001101425045867053                                      31032504301 0
2200060000                                                                                        BBRUBEBB                   1 0
2300060000BE17310001380621                     Partena svz                                                                   0 1
31000600012025-00087           001010001001Partena svz                                                                       1 0
3200060001Kartuizerstraat 45                 1000 Brussel                                                                    0 0
21000700002025-00088           1000000000393180310325001010001101925351669128                                      31032504301 0
2200070000                                                                                        KREDBEBB                   1 0
2300070000BE95435410977158                     Liantis sociaal Secretariaat vzw ve                                           0 1
31000700012025-00088           001010001001Liantis sociaal Secretariaat vzw vennootschapsbijdrage                            0 0
21000800002025-00089           1000000000083490310325001010001101525700286277                                      31032504301 0
2200080000                                                                                        GEBABEBB                   1 0
2300080000BE05001743272175                     INTEROFFICES BV                                                               0 1
31000800012025-00089           001010001001INTEROFFICES BV                                                                   1 0
3200080001Kunstlaan, 56                      1000 Brussel                                                                    0 0
21000900002025-00090           1000000000233430310325001010001101250208282630                                      31032504301 0
2200090000                                                                                        KREDBEBB                   1 0
2300090000BE71448764648169                     HELAN                                                                         0 1
31000900012025-00090           001010001001HELAN                                                                             1 0
3200090001sluisweg 2 bus 1                   9000 Gent                                                                       0 0
8043BE95645100416758                  EUR0000000002054820310325                                                                0
9               000046000000002991310000000004971680                                                                           2
