0000002022564505                  ZANDD ENTERPRISES BV      JVBABE22   00712627128 00000                                       2
12015BE95645100416758                  EUR0000000022703020300125ZANDD ENTERPRISES BV      Zichtrekening professioneel        015
21000100002025-00035           1000000014134920020225001010000                                                     02022501501 0
2200010000                                                                                        PCHQBEBB                   1 0
2300010000BE22679200300047                     Btw ontvangsten Brussel                                                       0 1
31000100012025-00035           001010001001Btw ontvangsten Brussel                                                           1 0
3200010001kruidtuinlaan 50 bus3402           1000, brussel                                                                   0 0
21000200002025-00036           1000000000156820020225001010001101015250060316                                      02022501501 0
2200020000                                                                                        RABONL2U                   1 0
2300020000NL59RABO0166907960                   The Waterpurifier                                                             0 1
31000200012025-00036           001010001001The Waterpurifier                                                                 1 0
3200020001Genebroekstraat 82                 B--3581 Beverlo                                                                 0 0
21000300002025-00037           1000000000083490020225001010001101525700016697                                      02022501501 0
2200030000                                                                                        GEBABEBB                   1 0
2300030000BE05001743272175                     INTEROFFICES BV                                                               0 1
31000300012025-00037           001010001001INTEROFFICES BV                                                                   1 0
3200030001Kunstlaan, 56                      1000 Brussel                                                                    0 0
8015BE95645100416758                  EUR0000000008327790020225                                                                0
9               000017000000014375230000000000000000                                                                           1
0000003022564505                  ZANDD ENTERPRISES BV      JVBABE22   00712627128 00000                                       2
12016BE95645100416758                  EUR0000000008327790020225ZANDD ENTERPRISES BV      Zichtrekening professioneel        016
21000100002025-00038           1000000000795920030225001010000EXP.31012025.001.DSAK                                03022501601 0
2200010000                                                                                        JVBABE22                   1 0
2300010000BE17645105243621                     Z.-D. Takacs-Kha                                                              0 1
31000100012025-00038           001010001001Z.-D. Takacs-Kha                                                                  1 0
3200010001Brusselsesteenweg 614              3090 Overijse                                                                   0 0
8016BE95645100416758                  EUR0000000007531870030225                                                                0
9               000007000000000795920000000000000000                                                                           1
0000007022564505                  ZANDD ENTERPRISES BV      JVBABE22   00712627128 00000                                       2
12017BE95645100416758                  EUR0000000007531870030225ZANDD ENTERPRISES BV      Zichtrekening professioneel        017
21000100002025-00039           1000000000030320070225001010000BE0689 5303 5535 saldo kosten                        07022501701 0
2200010000                                                                                        GKCCBEBB                   1 0
2300010000BE27057644013073                     Belfius                                                                       0 1
31000100012025-00039           001010001001Belfius                                                                           0 0
8017BE95645100416758                  EUR0000000007501550070225                                                                0
9               000006000000000030320000000000000000                                                                           2
