0000001042564505                  ZANDD ENTERPRISES BV      JVBABE22   00712627128 00000                                       2
12044BE95645100416758                  EUR0000000002054820310325ZANDD ENTERPRISES BV      Zichtrekening professioneel        044
21000100002025-00091           10000000003000000104250010100001-FON-005                                            01042504401 0
2200010000                                                                                        HPBZHR2X                   1 0
2300010000HR8623900013223425499                BANGIT, obrt za informaticke usluge                                           0 1
31000100012025-00091           001010001001BANGIT, obrt za informaticke usluge i trgovinu                                    1 0
3200010001Donji Karin 134                    23452 Donji Karin                                                               0 0
8044BE95645100416758                  EUR0000000001754820010425                                                                0
9               000007000000000300000000000000000000                                                                           1
0000007042564505                  ZANDD ENTERPRISES BV      JVBABE22   00712627128 00000                                       2
12045BE95645100416758                  EUR0000000001754820010425ZANDD ENTERPRISES BV      Zichtrekening professioneel        045
21000100002025-00092           1000000001019800070425005010000SI25/081119                                          07042504501 0
2200010000                                                     SDD-1014374-15376149               GEBABEBB                   1 0
2300010000BE42001839300054                     VOLVO                                                                         0 1
31000100012025-00092           005010001001VOLVO                                                                             0 0
8045BE95645100416758                  EUR0000000000735020070425                                                                0
9               000006000000001019800000000000000000                                                                           1
0000008042564505                  ZANDD ENTERPRISES BV      JVBABE22   00712627128 00000                                       2
12046BE95645100416758                  EUR0000000000735020070425ZANDD ENTERPRISES BV      Zichtrekening professioneel        046
21000100002025-00093           10000000000379100804250050100001041380863736/PAYPAL                                 08042504601 0
2200010000                                                     1041380863736                      PPLXLUL2                   1 0
2300010000LU89751000135104200E                 PayPal Europe S.a.r.l. et Cie S.C.A                                           0 1
31000100012025-00093           005010001001PayPal Europe S.a.r.l. et Cie S.C.A                                               1 0
320001000122-24 Boulevard Royal, 2449 Luxembo                                                                                0 0
8046BE95645100416758                  EUR0000000000697110080425                                                                0
9               000007000000000037910000000000000000                                                                           1
0000022042564505                  ZANDD ENTERPRISES BV      JVBABE22   00712627128 00000                                       2
12047BE95645100416758                  EUR0000000000697110080425ZANDD ENTERPRISES BV      Zichtrekening professioneel        047
21000100002025-00094           1000000000225070220425005010000TotalEnergies PG Belgium SA-E232245347-E2501768035   22042504701 0
2200010000                                                     0602455234-222702923059            GEBABEBB                   1 0
2300010000BE38001509424272                     TotalEnergies PG Belgium SA                                                   0 1
31000100012025-00094           005010001001TotalEnergies PG Belgium SA                                                       1 0
3200010001Rue Saint Laurent 54               Liege                                                                           0 0
8047BE95645100416758                  EUR0000000000472040220425                                                                0
9               000007000000000225070000000000000000                                                                           1
0000026042564505                  ZANDD ENTERPRISES BV      JVBABE22   00712627128 00000                                       2
12048BE95645100416758                  EUR0000000000472040220425ZANDD ENTERPRISES BV      Zichtrekening professioneel        048
21000100002025-00095           1000000000093100260425004020000521477XXXXXX0556 26/04/2025 12:06 Communication: Uw b26042504801 0
2200010000estelling bij 123inkt.be                                                                                           1 0
2300010000                                     123inkt.be BV                                                                 0 1
31000100012025-00095           004020001001123inkt.be BV                                                                     1 0
32000100019052 GENT                                                                                                          0 0
8048BE95645100416758                  EUR0000000000378940260425                                                                0
9               000007000000000093100000000000000000                                                                           1
0000027042564505                  ZANDD ENTERPRISES BV      JVBABE22   00712627128 00000                                       2
12049BE95645100416758                  EUR0000000000378940260425ZANDD ENTERPRISES BV      Zichtrekening professioneel        049
21000100002025-00096           1000000000024500270425004020000521477XXXXXX0556 27/04/2025 14:05                    27042504901 0
2200010000                                                                                                                   1 0
2300010000                                     STIB-MIVB APP                                                                 0 1
31000100012025-00096           004020001001STIB-MIVB APP                                                                     1 0
32000100011000 BRUXELLES                                                                                                     0 0
8049BE95645100416758                  EUR0000000000354440270425                                                                0
9               000007000000000024500000000000000000                                                                           1
0000029042564505                  ZANDD ENTERPRISES BV      JVBABE22   00712627128 00000                                       2
12050BE95645100416758                  EUR0000000000354440270425ZANDD ENTERPRISES BV      Zichtrekening professioneel        050
21000100002025-00097           1000000000081380290425005010000200610031755                                         29042505001 0
2200010000                                                     301003C25136348.749.15694838       KREDBEBB                   1 0
2300010000BE39734067833119                     EDPNET BELGIUM BV                                                             0 1
31000100012025-00097           005010001001EDPNET BELGIUM BV                                                                 1 0
3200010001Bellestraat 30                     9100 Sint-Niklaas(Oost-Vlaanderen)                                              0 0
8050BE95645100416758                  EUR0000000000273060290425                                                                0
9               000007000000000081380000000000000000                                                                           1
0000016052564505                  ZANDD ENTERPRISES BV      JVBABE22   00712627128 00000                                       2
12051BE95645100416758                  EUR0000000000273060290425ZANDD ENTERPRISES BV      Zichtrekening professioneel        051
21000100002025-00098           0000000000000880160525011520000Afrek. kp. 2,5212 UNIVERSAL INVEST HIG aan 0,5 EUR   16052505101 0
2200010000Effectenrekening 329862 borderel 073185                                                                            0 0
8051BE95645100416758                  EUR0000000000273940160525                                                                0
9               000004000000000000000000000000000880                                                                           1
0000019052564505                  ZANDD ENTERPRISES BV      JVBABE22   00712627128 00000                                       2
12052BE95645100416758                  EUR0000000000273940160525ZANDD ENTERPRISES BV      Zichtrekening professioneel        052
21000100002025-00099           1000000000225070190525005010000TotalEnergies PG Belgium SA-E232245347-E2502434640   19052505201 0
2200010000                                                     0602455234-209512995274            GEBABEBB                   1 0
2300010000BE38001509424272                     TotalEnergies PG Belgium SA                                                   0 1
31000100012025-00099           005010001001TotalEnergies PG Belgium SA                                                       1 0
3200010001Rue Saint Laurent 54               Liege                                                                           0 0
8052BE95645100416758                  EUR0000000000048870190525                                                                0
9               000007000000000225070000000000000000                                                                           2
