0000003012564505                  ZANDD ENTERPRISES BV      JVBABE22   00712627128 00000                                       2
12001BE95645100416758                  EUR0000000024170550311224ZANDD ENTERPRISES BV      Zichtrekening professioneel        001
21000100002025-00001           1000000000500000030125001010000Rc wk 1-2025                                         03012500101 0
2200010000                                                                                        JVBABE22                   1 0
2300010000BE17645105243621                     Z.-D. Takacs-Kha                                                              0 1
31000100012025-00001           001010001001Z.-D. Takacs-Kha                                                                  1 0
3200010001Brusselsesteenweg 614              3090 Overijse                                                                   0 0
21000200002025-00002           1000000000136000030125004020000521477XXXXXX0556 03/01/2025 16:05                    03012500101 0
2200020000                                                                                                                   1 0
2300020000                                     Bol.com                                                                       0 1
31000200012025-00002           004020001001Bol.com                                                                           1 0
32000200013528 BJ UTRECHT                                                                                                    0 0
8001BE95645100416758                  EUR0000000023534550030125                                                                0
9               000012000000000636000000000000000000                                                                           2
