0000003012564505                  ZANDD ENTERPRISES BV      JVBABE22   00712627128 00000                                       2
12001BE95645100416758                  EUR0000000024170550311224ZANDD ENTERPRISES BV      Zichtrekening professioneel        001
21000100002025-00001           1000000000500000030125001010000Rc wk 1-2025                                         03012500101 0
2200010000                                                                                        JVBABE22                   1 0
2300010000BE17645105243621                     Z.-D. Takacs-Kha                                                              0 1
31000100012025-00001           001010001001Z.-D. Takacs-Kha                                                                  1 0
3200010001Brusselsesteenweg 614              3090 Overijse                                                                   0 0
21000200002025-00002           1000000000136000030125004020000521477XXXXXX0556 03/01/2025 16:05                    03012500101 0
2200020000                                                                                                                   1 0
2300020000                                     Bol.com                                                                       0 1
31000200012025-00002           004020001001Bol.com                                                                           1 0
32000200013528 BJ UTRECHT                                                                                                    0 0
8001BE95645100416758                  EUR0000000023534550030125                                                                0
9               000012000000000636000000000000000000                                                                           1
0000005012564505                  ZANDD ENTERPRISES BV      JVBABE22   00712627128 00000                                       2
12002BE95645100416758                  EUR0000000023534550030125ZANDD ENTERPRISES BV      Zichtrekening professioneel        002
21000100002025-00003           1000000001000000050125001010000Kas opname                                           05012500201 0
2200010000                                                                                        JVBABE22                   1 0
2300010000BE17645105243621                     Z.-D. Takacs-Kha                                                              0 1
31000100012025-00003           001010001001Z.-D. Takacs-Kha                                                                  1 0
3200010001Brusselsesteenweg 614              3090 Overijse                                                                   0 0
21000200002025-00004           1000000000100000050125004020000521477XXXXXX0556 05/01/2025 15:34                    05012500201 0
2200020000                                                                                                                   1 0
2300020000                                     FIRST VA                                                                      0 1
31000200012025-00004           004020001001FIRST VA                                                                          1 0
32000200011040 BRUXELLES                                                                                                     0 0
21000300002025-00005           1000000000025130050125001010000798642171                                            05012500201 0
2200030000                                                                                        KREDBEBB                   1 0
2300030000BE34737048659990                     FEDEX Express BE BV                                                           0 1
31000300012025-00005           001010001001FEDEX Express BE BV                                                               0 0
21000400002025-00006           1000000000021470050125001010000E0400UN3CI                                           05012500201 0
2200040000                                                                                        CITIGB2L                   1 0
2300040000GB31CITI18500812207591               MICROSOFT IRELAND OPERATIONS LIMITE                                           0 1
31000400012025-00006           001010001001MICROSOFT IRELAND OPERATIONS LIMITED                                              1 0
3200040001One Microsoft place                south county business park, leopard                                             0 0
21000500002025-00007           1000000000083490050125001010001101052401292611                                      05012500201 0
2200050000                                                                                        GEBABEBB                   1 0
2300050000BE05001743272175                     INTEROFFICES BV                                                               0 1
31000500012025-00007           001010001001INTEROFFICES BV                                                                   1 0
3200050001Kunstlaan, 56                      1000 Brussel                                                                    0 0
21000600002025-00008           1000000000006530050125001010001101052401375160                                      05012500201 0
2200060000                                                                                        GEBABEBB                   1 0
2300060000BE05001743272175                     INTEROFFICES BV                                                               0 1
31000600012025-00008           001010001001INTEROFFICES BV                                                                   1 0
3200060001Kunstlaan, 56                      1000 Brussel                                                                    0 0
21000700002025-00009           10000000000713900501250010100002024/12011                                           05012500201 0
2200070000                                                                                        RABONL2U                   1 0
2300070000NL59RABO0166907960                   The Waterpurifier                                                             0 1
31000700012025-00009           001010001001The Waterpurifier                                                                 1 0
3200070001Genebroekstraat 82                 B--3581 Beverlo                                                                 0 0
21000800002025-00010           1000000000022280050125001010000E0400UCATJ                                           05012500201 0
2200080000                                                                                        CITIGB2L                   1 0
2300080000GB31CITI18500812207591               MICROSOFT IRELAND OPERATIONS LIMITE                                           0 1
31000800012025-00010           001010001001MICROSOFT IRELAND OPERATIONS LIMITED                                              1 0
3200080001One Microsoft place                south county business park, leopard                                             0 0
21000900002025-00011           10000000001509300501250010100002024/12306                                           05012500201 0
2200090000                                                                                        RABONL2U                   1 0
2300090000NL59RABO0166907960                   The Waterpurifier                                                             0 1
31000900012025-00011           001010001001The Waterpurifier                                                                 1 0
3200090001Genebroekstraat 82                 B--3581 Beverlo                                                                 0 0
8002BE95645100416758                  EUR0000000022053330050125                                                                0
9               000046000000001481220000000000000000                                                                           1
0000007012564505                  ZANDD ENTERPRISES BV      JVBABE22   00712627128 00000                                       2
12003BE95645100416758                  EUR0000000022053330050125ZANDD ENTERPRISES BV      Zichtrekening professioneel        003
21000100002025-00012           1000000001421880070125001010000Declaraties December 2024                            07012500301 0
2200010000                                                                                        JVBABE22                   1 0
2300010000BE17645105243621                     Z.-D. Takacs-Kha                                                              0 1
31000100012025-00012           001010001001Z.-D. Takacs-Kha                                                                  1 0
3200010001Brusselsesteenweg 614              3090 Overijse                                                                   0 0
21000200002025-00013           0000000000500000070125001500000terug storting kasopnamen 500 03-01-2025             07012500301 0
2200020000                                                                                        JVBABE22                   1 0
2300020000BE17645105243621                     Takacs-Kha Z.-D.                                                              0 1
31000200012025-00013           001500001001Takacs-Kha Z.-D.                                                                  1 0
3200020001Brusselsesteenweg 614              3090 Overijse                                                                   0 0
21000300002025-00014           0000000001000000070125001500000terugstorting kasopname 1000  05-01-2025             07012500301 0
2200030000                                                                                        JVBABE22                   1 0
2300030000BE17645105243621                     Takacs-Kha Z.-D.                                                              0 1
31000300012025-00014           001500001001Takacs-Kha Z.-D.                                                                  1 0
3200030001Brusselsesteenweg 614              3090 Overijse                                                                   0 0
21000400002025-00015           1000000003200000070125001010001101712627183491                                      07012500301 0
2200040000                                                                                        PCHQBEBB                   1 0
2300040000BE85679200363806                     Team Inning Bedrijfsvoorheffing Mec                                           0 1
31000400012025-00015           001010001001Team Inning Bedrijfsvoorheffing Mechelen                                          0 0
8003BE95645100416758                  EUR0000000018931450070125                                                                0
9               000021000000004621880000000001500000                                                                           1
0000008012564505                  ZANDD ENTERPRISES BV      JVBABE22   00712627128 00000                                       2
12004BE95645100416758                  EUR0000000018931450070125ZANDD ENTERPRISES BV      Zichtrekening professioneel        004
21000100002025-00016           1000000000030000080125080470000Factuur 24099078                                     08012500400 0
8004BE95645100416758                  EUR0000000018901450080125                                                                0
9               000003000000000030000000000000000000                                                                           1
0000015012564505                  ZANDD ENTERPRISES BV      JVBABE22   00712627128 00000                                       2
12005BE95645100416758                  EUR0000000018901450080125ZANDD ENTERPRISES BV      Zichtrekening professioneel        005
21000100002025-00017           1000000000350450150125005010000Factuur 225969                                       15012500501 0
2200010000                                                     Factuur 225969                     GKCCBEBB                   1 0
2300010000BE71068952253269                     VASTACC                                                                       0 1
31000100012025-00017           005010001001VASTACC                                                                           1 0
3200010001KUNSTLAAN   56                     1000 BRUSSEL                                                                    0 0
8005BE95645100416758                  EUR0000000018551000150125                                                                0
9               000007000000000350450000000000000000                                                                           1
0000016012564505                  ZANDD ENTERPRISES BV      JVBABE22   00712627128 00000                                       2
12006BE95645100416758                  EUR0000000018551000150125ZANDD ENTERPRISES BV      Zichtrekening professioneel        006
21000100002025-00018           1000000000088600160125004020000521477XXXXXX0556 16/01/2025 14:52 Communication: 110916012500601 0
220001000053853558                                                                                                           1 0
2300010000                                     Xerius                                                                        0 1
31000100012025-00018           004020001001Xerius                                                                            1 0
32000100011000 Brussel                                                                                                       0 0
8006BE95645100416758                  EUR0000000018462400160125                                                                0
9               000007000000000088600000000000000000                                                                           1
0000017012564505                  ZANDD ENTERPRISES BV      JVBABE22   00712627128 00000                                       2
12007BE95645100416758                  EUR0000000018462400160125ZANDD ENTERPRISES BV      Zichtrekening professioneel        007
21000100002025-00019           1000000000865000170125001010000ZANDD EVENT 2025                                     17012500701 0
2200010000                                                                                        RABONL2U                   1 0
2300010000NL06RABO0318665220                   Brasserie Monopole                                                            0 1
31000100012025-00019           001010001001Brasserie Monopole                                                                1 0
3200010001Vrijthof 3                         6211 LC Maastricht                                                              0 0
21000200002025-00020           1000000001000000170125001010000                                                     17012500701 0
2200020000                                                                                        JVBABE22                   1 0
2300020000BE17645105243621                     Z.-D. Takacs-Kha                                                              0 1
31000200012025-00020           001010001001Z.-D. Takacs-Kha                                                                  1 0
3200020001Brusselsesteenweg 614              3090 Overijse                                                                   0 0
8007BE95645100416758                  EUR0000000016597400170125                                                                0
9               000012000000001865000000000000000000                                                                           1
0000020012564505                  ZANDD ENTERPRISES BV      JVBABE22   00712627128 00000                                       2
12008BE95645100416758                  EUR0000000016597400170125ZANDD ENTERPRISES BV      Zichtrekening professioneel        008
21000100002025-00021           1000000000152970200125001010001101241343888625                                      20012500801 0
2200010000                                                                                        KREDBEBB                   1 0
2300010000BE71448764648169                     HELAN                                                                         0 1
31000100012025-00021           001010001001HELAN                                                                             1 0
3200010001sluisweg 2 bus 1                   9000 Gent                                                                       0 0
21000200002025-00022           1000000000262290200125001010001101241407554674                                      20012500801 0
2200020000                                                                                        KREDBEBB                   1 0
2300020000BE71448764648169                     HELAN                                                                         0 1
31000200012025-00022           001010001001HELAN                                                                             1 0
3200020001sluisweg 2 bus 1                   9000 Gent                                                                       0 0
21000300002025-00023           1000000000225070200125005010000TotalEnergies PG Belgium SA-E232245347-E2407076966   20012500801 0
2200030000                                                     0602455234-219013694166            GEBABEBB                   1 0
2300030000BE38001509424272                     TotalEnergies PG Belgium SA                                                   0 1
31000300012025-00023           005010001001TotalEnergies PG Belgium SA                                                       1 0
3200030001Rue Saint Laurent 54               Liege                                                                           0 0
8008BE95645100416758                  EUR0000000015957070200125                                                                0
9               000017000000000640330000000000000000                                                                           1
0000021012564505                  ZANDD ENTERPRISES BV      JVBABE22   00712627128 00000                                       2
12009BE95645100416758                  EUR0000000015957070200125ZANDD ENTERPRISES BV      Zichtrekening professioneel        009
21000100002025-00024           1000000000024500210125004020000521477XXXXXX0556 21/01/2025 07:36                    21012500901 0
2200010000                                                                                                                   1 0
2300010000                                     FORME FS SOCIETE DES T                                                        0 1
31000100012025-00024           004020001001FORME FS SOCIETE DES T                                                            1 0
32000100011000 Bruxelles                                                                                                     0 0
8009BE95645100416758                  EUR0000000015932570210125                                                                0
9               000007000000000024500000000000000000                                                                           1
0000024012564505                  ZANDD ENTERPRISES BV      JVBABE22   00712627128 00000                                       2
12010BE95645100416758                  EUR0000000015932570210125ZANDD ENTERPRISES BV      Zichtrekening professioneel        010
21000100002025-00025           1000000001000000240125001010000Rc opname                                            24012501001 0
2200010000                                                                                        JVBABE22                   1 0
2300010000BE17645105243621                     Z.-D. Takacs-Kha                                                              0 1
31000100012025-00025           001010001001Z.-D. Takacs-Kha                                                                  1 0
3200010001Brusselsesteenweg 614              3090 Overijse                                                                   0 0
21000200002025-00026           1000000004143520240125002010000Salaris januari 2024 DSAK                            24012501001 0
2200020000                                                                                        GKCCBEBB                   1 0
2300020000BE40063785246963                     Z Tackacs BELFIUS                                                             0 1
31000200012025-00026           002010001001Z Tackacs BELFIUS                                                                 0 0
8010BE95645100416758                  EUR0000000010789050240125                                                                0
9               000011000000005143520000000000000000                                                                           1
0000027012564505                  ZANDD ENTERPRISES BV      JVBABE22   00712627128 00000                                       2
12011BE95645100416758                  EUR0000000010789050240125ZANDD ENTERPRISES BV      Zichtrekening professioneel        011
21000100002025-00027           1000000001019800270125005010000SI25/013417                                          27012501101 0
2200010000                                                     SDD-996147-14550850                GEBABEBB                   1 0
2300010000BE42001839300054                     VOLVO                                                                         0 1
31000100012025-00027           005010001001VOLVO                                                                             0 0
21000200002025-00028           1000000000075890270125004020000521477XXXXXX0556 27/01/2025 14:16                    27012501101 0
2200020000                                                                                                                   1 0
2300020000                                     Bol.com                                                                       0 1
31000200012025-00028           004020001001Bol.com                                                                           1 0
32000200013528 BJ UTRECHT                                                                                                    0 0
21000300002025-00029           0000000015291190270125001500000INV.NR.20241231.094.DSAK                             27012501101 0
2200030000                                                     00005428/284 2025-01-27            KREDBEBB           SUPP    1 0
2300030000BE83733052368815                     CRONOS EUROPA NV                                                              0 1
31000300012025-00029           001500001001CRONOS EUROPA NV                                                                  1 0
3200030001KUNSTLAAN            46   B5       1000    BRUSSEL                                                                 0 0
21000400002025-00030           1000000000111720270125004020000521477XXXXXX0556 27/01/2025 18:12                    27012501101 0
2200040000                                                                                                                   1 0
2300040000                                     KaffeKapslen                                                                  0 1
31000400012025-00030           004020001001KaffeKapslen                                                                      1 0
32000400018361 HASSELAGER                                                                                                    0 0
8011BE95645100416758                  EUR0000000024872830270125                                                                0
9               000021000000001207410000000015291190                                                                           1
0000028012564505                  ZANDD ENTERPRISES BV      JVBABE22   00712627128 00000                                       2
12012BE95645100416758                  EUR0000000024872830270125ZANDD ENTERPRISES BV      Zichtrekening professioneel        012
21000100002025-00031           1000000000031510280125004020000521477XXXXXX0556 28/01/2025 20:26                    28012501201 0
2200010000                                                                                                                   1 0
2300010000                                     Bol.com                                                                       0 1
31000100012025-00031           004020001001Bol.com                                                                           1 0
32000100013528 BJ UTRECHT                                                                                                    0 0
8012BE95645100416758                  EUR0000000024841320280125                                                                0
9               000007000000000031510000000000000000                                                                           1
0000029012564505                  ZANDD ENTERPRISES BV      JVBABE22   00712627128 00000                                       2
12013BE95645100416758                  EUR0000000024841320280125ZANDD ENTERPRISES BV      Zichtrekening professioneel        013
21000100002025-00032           1000000000256590290125001010000Salaris januari 2025                                 29012501301 0
2200010000                                                                                        GKCCBEBB                   1 0
2300010000BE40063785246963                     Z Tackacs BELFIUS                                                             0 1
31000100012025-00032           001010001001Z Tackacs BELFIUS                                                                 0 0
8013BE95645100416758                  EUR0000000024584730290125                                                                0
9               000006000000000256590000000000000000                                                                           1
0000030012564505                  ZANDD ENTERPRISES BV      JVBABE22   00712627128 00000                                       2
12014BE95645100416758                  EUR0000000024584730290125ZANDD ENTERPRISES BV      Zichtrekening professioneel        014
21000100002025-00033           1000000001800000300125001030000HUUR BRUSSELSESTWG 614 OVERIJSE   OLISLAEGERS VASTGOE30012501401 0
2200010000D NV                                                                                    KREDBEBB                   1 0
2300010000BE35737056463137                     OLISLAEGERS VASTGOED NV                                                       0 1
31000100012025-00033           001030001001OLISLAEGERS VASTGOED NV                                                           0 0
21000200002025-00034           1000000000081710300125005010000200597997994                                         30012501401 0
2200020000                                                     301003C25025474.625.15012877       KREDBEBB                   1 0
2300020000BE39734067833119                     EDPNET BELGIUM BV                                                             0 1
31000200012025-00034           005010001001EDPNET BELGIUM BV                                                                 1 0
3200020001Bellestraat 30                     9100 Sint-Niklaas(Oost-Vlaanderen)                                              0 0
8014BE95645100416758                  EUR0000000022703020300125                                                                0
9               000011000000001881710000000000000000                                                                           2
