0000003012564505                  ZANDD ENTERPRISES BV      JVBABE22   00712627128 00000                                       2
12001BE95645100416758                  EUR0000000024170550311224ZANDD ENTERPRISES BV      Zichtrekening professioneel        001
21000100002025-00001           1000000000500000030125001010000Rc wk 1-2025                                         03012500101 0
2200010000                                                                                        JVBABE22                   1 0
2300010000BE17645105243621                     Z.-D. Takacs-Kha                                                              0 1
31000100012025-00001           001010001001Z.-D. Takacs-Kha                                                                  1 0
3200010001Brusselsesteenweg 614              3090 Overijse                                                                   0 0
21000200002025-00002           1000000000136000030125004020000521477XXXXXX0556 03/01/2025 16:05                    03012500101 0
2200020000                                                                                                                   1 0
2300020000                                     Bol.com                                                                       0 1
31000200012025-00002           004020001001Bol.com                                                                           1 0
32000200013528 BJ UTRECHT                                                                                                    0 0
8001BE95645100416758                  EUR0000000023534550030125                                                                0
9               000012000000000636000000000000000000                                                                           1
0000005012564505                  ZANDD ENTERPRISES BV      JVBABE22   00712627128 00000                                       2
12002BE95645100416758                  EUR0000000023534550030125ZANDD ENTERPRISES BV      Zichtrekening professioneel        002
21000100002025-00003           1000000001000000050125001010000Kas opname                                           05012500201 0
2200010000                                                                                        JVBABE22                   1 0
2300010000BE17645105243621                     Z.-D. Takacs-Kha                                                              0 1
31000100012025-00003           001010001001Z.-D. Takacs-Kha                                                                  1 0
3200010001Brusselsesteenweg 614              3090 Overijse                                                                   0 0
21000200002025-00004           1000000000100000050125004020000521477XXXXXX0556 05/01/2025 15:34                    05012500201 0
2200020000                                                                                                                   1 0
2300020000                                     FIRST VA                                                                      0 1
31000200012025-00004           004020001001FIRST VA                                                                          1 0
32000200011040 BRUXELLES                                                                                                     0 0
21000300002025-00005           1000000000025130050125001010000798642171                                            05012500201 0
2200030000                                                                                        KREDBEBB                   1 0
2300030000BE34737048659990                     FEDEX Express BE BV                                                           0 1
31000300012025-00005           001010001001FEDEX Express BE BV                                                               0 0
21000400002025-00006           1000000000021470050125001010000E0400UN3CI                                           05012500201 0
2200040000                                                                                        CITIGB2L                   1 0
2300040000GB31CITI18500812207591               MICROSOFT IRELAND OPERATIONS LIMITE                                           0 1
31000400012025-00006           001010001001MICROSOFT IRELAND OPERATIONS LIMITED                                              1 0
3200040001One Microsoft place                south county business park, leopard                                             0 0
21000500002025-00007           1000000000083490050125001010001101052401292611                                      05012500201 0
2200050000                                                                                        GEBABEBB                   1 0
2300050000BE05001743272175                     INTEROFFICES BV                                                               0 1
31000500012025-00007           001010001001INTEROFFICES BV                                                                   1 0
3200050001Kunstlaan, 56                      1000 Brussel                                                                    0 0
21000600002025-00008           1000000000006530050125001010001101052401375160                                      05012500201 0
2200060000                                                                                        GEBABEBB                   1 0
2300060000BE05001743272175                     INTEROFFICES BV                                                               0 1
31000600012025-00008           001010001001INTEROFFICES BV                                                                   1 0
3200060001Kunstlaan, 56                      1000 Brussel                                                                    0 0
21000700002025-00009           10000000000713900501250010100002024/12011                                           05012500201 0
2200070000                                                                                        RABONL2U                   1 0
2300070000NL59RABO0166907960                   The Waterpurifier                                                             0 1
31000700012025-00009           001010001001The Waterpurifier                                                                 1 0
3200070001Genebroekstraat 82                 B--3581 Beverlo                                                                 0 0
21000800002025-00010           1000000000022280050125001010000E0400UCATJ                                           05012500201 0
2200080000                                                                                        CITIGB2L                   1 0
2300080000GB31CITI18500812207591               MICROSOFT IRELAND OPERATIONS LIMITE                                           0 1
31000800012025-00010           001010001001MICROSOFT IRELAND OPERATIONS LIMITED                                              1 0
3200080001One Microsoft place                south county business park, leopard                                             0 0
21000900002025-00011           10000000001509300501250010100002024/12306                                           05012500201 0
2200090000                                                                                        RABONL2U                   1 0
2300090000NL59RABO0166907960                   The Waterpurifier                                                             0 1
31000900012025-00011           001010001001The Waterpurifier                                                                 1 0
3200090001Genebroekstraat 82                 B--3581 Beverlo                                                                 0 0
8002BE95645100416758                  EUR0000000022053330050125                                                                0
9               000046000000001481220000000000000000                                                                           2
