0000007012564505                  ZANDD ENTERPRISES BV      JVBABE22   00712627128 00000                                       2
12003BE95645100416758                  EUR0000000022053330050125ZANDD ENTERPRISES BV      Zichtrekening professioneel        003
21000100002025-00012           1000000001421880070125001010000Declaraties December 2024                            07012500301 0
2200010000                                                                                        JVBABE22                   1 0
2300010000BE17645105243621                     Z.-D. Takacs-Kha                                                              0 1
31000100012025-00012           001010001001Z.-D. Takacs-Kha                                                                  1 0
3200010001Brusselsesteenweg 614              3090 Overijse                                                                   0 0
21000200002025-00013           0000000000500000070125001500000terug storting kasopnamen 500 03-01-2025             07012500301 0
2200020000                                                                                        JVBABE22                   1 0
2300020000BE17645105243621                     Takacs-Kha Z.-D.                                                              0 1
31000200012025-00013           001500001001Takacs-Kha Z.-D.                                                                  1 0
3200020001Brusselsesteenweg 614              3090 Overijse                                                                   0 0
21000300002025-00014           0000000001000000070125001500000terugstorting kasopname 1000  05-01-2025             07012500301 0
2200030000                                                                                        JVBABE22                   1 0
2300030000BE17645105243621                     Takacs-Kha Z.-D.                                                              0 1
31000300012025-00014           001500001001Takacs-Kha Z.-D.                                                                  1 0
3200030001Brusselsesteenweg 614              3090 Overijse                                                                   0 0
8003BE95645100416758                  EUR0000000022131450070125                                                                0
9               000017000000001421880000000001500000                                                                           2
